3266 5292
742 515 1005 608 &el-

340 719 413 776 sisse
433 735 553 776 neeesse
575 719 622 787 sit,
645 719 715 788 sive,
737 723 771 776 ut
792 736 881 793 supra
902 719 1036 789 diximus
1059 721 1158 795 copias
1179 721 1301 795 collegit
1320 723 1381 780 sive
1400 739 1447 781 res

340 826 441 884 statim
463 824 575 883 chartis
596 825 657 883 suis
678 825 838 884 mandavit.

420 932 553 1004 Denique
580 949 617 990 ex
643 933 860 990 commentariis
885 932 994 1007 pendet
1015 934 1126 992 Noster
1151 935 1180 992 in
1207 935 1350 1008 colloquio
1373 953 1454 994 enar-

340 1038 544 1112 rando‚·quod
567 1039 749 1097 Octavianus
771 1057 835 1096 cum
856 1039 987 1098 Antonio
1008 1040 1120 1099 habuit.
1156 1039 1186 1117 (ᾗ
1211 1038 1254 1118 3.)
1296 1043 1373 1100 Nam
1393 1043 1456 1118 Ap·

340 1147 444 1222 pianus
465 1145 651 1204 Velleianum
671 1146 742 1203 illud
765 1147 824 1215 ‚uix
846 1145 982 1205 admisso'
1002 1147 1077 1205 bene
1092 1149 1242 1223 explicans
1257 1150 1338 1207 solus
1353 1154 1457 1208 auctor

340 1259 387 1312 est
418 1252 499 1330 (ibid.
522 1249 573 1329 14)
607 1251 782 1316 Octaviano.
815 1258 973 1326 antequam
1004 1254 1040 1312 ab
1075 1255 1204 1314 Antonio
1237 1255 1382 1314 admissus
1407 1256 1455 1327 sit,

342 1361 451 1419 diutius
470 1359 660 1418 investibulo
681 1359 854 1418 morandum
874 1360 977 1430 fuisse;
1001 1379 1058 1435 qua
1080 1361 1194 1435 quidem
1215 1363 1245 1420 in
1266 1380 1298 1422 re
1320 1381 1386 1421 eum
1405 1381 1457 1439 per

341 1468 451 1526 iontem
477 1484 571 1536 suum,
598 1471 632 1524 ut
657 1467 864 1541 praediximus,
891 1469 1024 1543 Augusti
1050 1469 1266 1528 commentariis
1286 1487 1372 1528 nsum
1393 1488 1484 1530 esse.

341 1575 409 1634 inde
430 1573 564 1644 efficitur,
587 1573 665 1646 quod
685 1572 750 1649 ipsa
770 1574 862 1632 verba
883 1574 920 1633 ab
935 1580 1061 1649 utroque
1082 1577 1112 1634 in
1137 1577 1279 1650 colloquio
1301 1577 1381 1635 facta
1396 1577 1457 1635 dili·

341 1685 448 1757 genter
474 1697 509 1738 ac
534 1680 652 1755 copiose
672 1679 769 1756 (capp.
795 1679 925 1759 15-20)
947 1683 1067 1742 exhibet
1088 1687 1239 1757 totamque
1259 1685 1457 1744 narrationem

342 1790 373 1846 in
395 1789 526 1847 favorem
547 1787 681 1860 Augusti
701 1789 801 1847 vertit.

422 1896 495 1954 Inde
522 1913 540 1953 a
564 1897 581 1971 ξ
603 1901 623 1960 4
646 1880 773 1972 scriptor
798 1897 835 1956 ed
856 1897 998 1956 historiae
1023 1897 1152 1956 ordinem
1173 1914 1310 1956 reversus
1331 1898 1457 1965 Livium,

346 2004 513 2079 primarium
558 2025 643 2066 suum
689 2007 800 2075 ducem,
849 2005 930 2077 sequi
972 2005 1072 2080 pergit
1102 2003 1152 2079 (cf.
1184 2003 1281 2080 infre),
1314 2006 1363 2078 qui
1394 2021 1459 2063 cum

343 2113 405 2186 ipse
427 2131 550 2186 qnoque,
573 2120 607 2173 nt
627 2114 798 2182 videbimus
823 2112 1015 2187 Imperatoris
1037 2114 1261 2170 commentarios
1283 2113 1458 2181 adhibuerit,

346 2223 445 2278 utrum
475 2237 512 2278 ex
536 2222 582 2279 his
607 2239 645 2279 an
670 2239 706 2279 ex
731 2220 817 2278 Livio
842 2219 975 2277 hauserit
999 2219 1124 2289 Noster,
1152 2237 1211 2277 non
1236 2237 1350 2295 semper
1374 2220 1459 2277 facile
1540 2199 1548 2210 ³

347 2331 394 2383 est
427 2327 455 2385 di
485 2328 625 2386 iudicatu.
667 2328 788 2385 Illorum
820 2331 919 2384 tamen
950 2326 1079 2400 vestigia
1104 2327 1265 2384 certissime
1293 2327 1460 2402 perspicere

347 2434 417 2492 licet
444 2435 591 2493 nonnullis
619 2435 700 2504 loeis,
729 2434 778 2492 ubi
807 2434 934 2508 scriptor
961 2433 1040 2491 haud
1065 2434 1126 2490 sine
1151 2433 1287 2492 veritatis
1313 2435 1417 2492 damno
1442 2453 1460 2491 e

344 2540 470 2598 Liviana
494 2542 635 2599 memoria
663 2541 815 2615 digressus
838 2540 1001 2598 Octaviano
1024 2557 1055 2598 se
1077 2539 1198 2610 addixit,
1227 2541 1275 2613 qui
1297 2541 1341 2598 sui
1364 2541 1460 2598 defen-

345 2647 430 2706 dendi
458 2665 548 2706 causa
574 2647 664 2706 libros
691 2665 760 2706 suos
786 2653 971 2718 exaraverat,
996 2648 1026 2706 id
1051 2647 1235 2722 potissimum
1256 2653 1403 2723 spectans
1426 2653 1461 2705 ut

344 2755 453 2825 omnia,
490 2755 595 2829 quibus
629 2757 810 2831 perpetratis
842 2773 873 2812 sc
905 2772 993 2812 unum
1025 2755 1123 2830 populi
1153 2755 1280 2813 Romani
1312 2754 1458 2814 dominum

343 2862 475 2933 fecisset,
509 2864 539 2920 in
573 2862 748 2921 oblivionem
781 2864 916 2920 venirent
949 2879 1022 2920 neve
1055 2879 1226 2935 quemquem
1258 2863 1327 2920 novi
1361 2865 1459 2919 status

343 2970 554 3046 paeniteret45).
596 2969 644 3028 En
669 2970 734 3041 loci,
762 2970 867 3042 quihus
889 2969 1000 3027 Noster
1025 2970 1158 3042 Augusti
1184 2986 1271 3042 quam
1292 2969 1369 3027 Livii
1394 2985 1460 3026 nar·
1496 2995 1499 3004 .

342 3078 486 3135 rationem
508 3077 592 3151 sequi
614 3078 726 3135 maluit.

422 3182 516 3265 65.1.
558 3183 708 3243 Antonius
724 3184 920 3242 Octavianum
942 3189 972 3241 et
994 3183 1178 3242 admonuisse
1198 3189 1226 3241 et
1248 3183 1459 3256 quodammodo

342 3290 476 3365 coegisse
494 3291 610 3362 dieitur,
627 3297 660 3349 ut
677 3308 775 3350 secum
791 3291 964 3349 societatem
978 3290 1074 3348 iniret.
1101 3289 1150 3348 Sic
1161 3291 1288 3349 fortasse
1298 3291 1459 3364 Augustus

343 3400 372 3457 in
394 3399 610 3457 commentariis
632 3399 693 3456 suis
714 3415 776 3456 rem
797 3402 983 3455 narraverat.
1021 3396 1134 3455 Verum
1155 3397 1230 3456 enim
1252 3414 1321 3456 vero
1343 3397 1460 3456 aliunde

341 3506 392 3580 (ex
413 3506 493 3581 App.
508 3505 564 3563 111.
579 3502 628 3564 96.
654 3505 735 3563 Plut.
750 3507 824 3564 Ant.
842 3501 888 3562 19.
915 3504 1002 3563 Dion.
1022 3504 1136 3562 XLVI.
1151 3502 1203 3580 52)
1228 3509 1348 3563 constat
1370 3505 1460 3564 Octa·

347 3613 467 3671 vianum
492 3617 573 3671 metu
596 3612 684 3670 Bruti
706 3611 858 3684 Cassiique
885 3597 1042 3670 adductum
1069 3611 1105 3669 ab
1131 3612 1272 3680 Antonio,
1299 3628 1357 3670 non
1382 3612 1460 3670 hunc

347 3720 383 3777 ab
405 3720 455 3778 illo
476 3718 579 3777 foedus
602 3724 632 3777 et
653 3720 811 3778 amicitiam
832 3718 981 3794 petivisse.

424 3825 472 3886 74.
487 3825 516 3886 4.
559 3827 691 3886 Velleius
721 3827 815 3885 tradit
845 3826 943 3900 magis
972 3826 1017 3883 ira
1045 3826 1169 3884 militum
1194 3843 1281 3899 quam
1305 3827 1459 3885 voluntate

349 3934 431 3992 ducis
463 3935 493 3992 in
524 3935 685 3994 Perusinos
717 3933 860 3991 saevitum
891 3932 1048 4005 urbemque
1078 3933 1227 3992 incensam
1259 3951 1331 3991 esse.
1377 3933 1460 3992 Idem

347 4042 475 4115 legimus
501 4042 579 4117 apud
603 4042 772 4116 Appianum
787 4040 825 4096 V.
852 4036 892 4096 48
917 4045 948 4096 et
972 4037 1020 4109 49,
1048 4040 1096 4112 qui
1122 4041 1210 4098 etiam
1237 4041 1317 4098 solus
1342 4044 1460 4116 praeter

423 4254 456 4324 54)
477 4253 762 4308 Of.Woiohertum
781 4253 798 4305 l.
812 4253 829 4306 l.
842 4271 868 4322 p.
883 4256 944 4306 202.
