3266 5292
616 931 898 1059 VlTll.

280 1389 488 1448 Fridcricus
508 1388 733 1449 Burmeister
753 1394 843 1448 natus
864 1406 926 1448 siun
950 1389 1140 1460 Nossentinii,
1163 1390 1227 1448 rico
1250 1407 1318 1462 quo-

203 1499 268 1556 dam
282 1497 543 1572 Megalopolitano,
567 1515 593 1556 a.
610 1498 636 1556 d.
652 1498 722 1556 XV.
739 1497 801 1556 (iol.
817 1497 951 1572 August.
978 1515 1004 1556 a.
1020 1497 1048 1555 h.
1065 1515 1088 1555 e.
1103 1497 1209 1555 LXVI
1233 1501 1317 1571 patre

202 1605 353 1663 Friderico
376 1603 482 1664 Garolo
503 1605 642 1675 Maltino,
676 1623 760 1678 quem
782 1609 851 1664 ante
877 1605 931 1663 hos
952 1604 999 1663 XI
1021 1623 1113 1664 annos
1134 1612 1229 1664 morte
1249 1605 1319 1663 mihi

202 1719 332 1786 ereptum
355 1730 420 1772 esee
444 1714 542 1787 lugeo,
574 1717 669 1771 matre
691 1713 790 1783 Luisa,
814 1730 829 1770 c
850 1711 1139 1788 genteVoelschow,
1162 1729 1249 1785 quam
1270 1713 1319 1770 ad·

201 1820 258 1877 huc
279 1821 468 1894 superstitem
490 1836 556 1878 esse
577 1820 663 1877 valde
678 1820 802 1894 gaudeo.
835 1819 939 1878 Fidem
954 1819 1094 1895 profiteor
1108 1819 1318 1894 evangelicam.

202 1926 386 1984 Litterarum
408 1928 559 1985 elementis
586 1926 661 1984 domi
684 1946 702 1984 a
722 1932 807 2002 patre
821 1907 959 1984 imbutus
985 1927 1042 1984 fine
1073 1945 1098 1984 a.
1121 1926 1259 1984 LXXVI
1290 1927 1319 1984 in

203 2034 390 2107 gymnasium
406 2033 620 2092 Gustroviense
635 2040 771 2109 receptus
792 2040 934 2093 sumtum
948 2033 1061 2108 Ruspi,
1083 2051 1160 2090 nuuc
1174 2033 1318 2091 Theodori

202 2140 358 2198 Fritzschii
391 2141 529 2216 auspiciis
555 2140 672 2210 florens,
705 2141 781 2214 quod
802 2141 869 2200 inde
891 2159 909 2199 a
929 2140 1031 2214 quinta
1053 2141 1146 2199 classe
1168 2157 1261 2213 usque
1283 2141 1319 2199 ad

204 2247 327 2322 pn'mam
358 2247 551 2318 frequentavi.
593 2247 780 2306 Maturitatis
811 2247 978 2306 testimonio
1010 2265 1079 2305 verc
1103 2265 1129 2305 a.
1151 2245 1320 2305 LXXXIV

203 2355 366 2412 instructus
397 2370 489 2430 usque
520 2354 557 2412 ad
588 2358 776 2413 auctumnum
807 2373 833 2412 a.
865 2352 1036 2413 LXXXIX
1066 2354 1096 2412 in
1127 2353 1320 2412 universItatc

205 2459 396 2530 Berolinensi,
419 2466 544 2536 excepta
555 2466 670 2520 aestate
692 2478 718 2520 a.
730 2461 924 2532 LXXXVII,
938 2479 1024 2534 quam
1036 2461 1189 2534 Tubingae
1207 2461 1317 2535 peregi,

203 2567 387 2642 philologieis
409 2573 440 2626 et
460 2569 636 2643 theologicis
658 2569 764 2628 studiis
786 2586 904 2644 operam
925 2568 999 2628 dedi.

285 2673 459 2732 Dooueruut
479 2693 525 2733 mo
546 2693 592 2732 vv.
616 2675 662 2733 dd.
685 2675 859 2735 Beroliui:
887 2675 1018 2746 Curtius,
1047 2676 1194 2744 Deussen,
1226 2675 1317 2744 Diels,

207 2780 368 2850 Dillmann‚
395 2781 527 2854 Dilthey,
550 2781 664 2852 Gneist,
691 2782 871 2852 Hirschfeld,
899 2783 1049 2851 Hucbner,
1072 2781 1194 2850 Kaft-an,
1217 2781 1324 2839 Kirch·

205 2887 273 2955 hoff,
301 2888 442 2957 Paulson,
468 2888 593 2957 Robort,
621 2888 756 2958 Schwan,
784 2889 899 2958 Tobios
924 2888 1050 2958 Vahlen,
1077 2888 1186 2957 Weiss,
1213 2889 1321 2957 heller:

204 2993 406 3070 Tubiugae:
429 2994 562 3066 OrusiuS,
584 2995 716 3071 Herzog,
738 2997 865 3066 Kucbel,
889 2994 996 3071 Spitta.

285 3101 400 3175 Quibus
421 3103 492 3160 viris
514 3102 646 3162 omnibus
668 3119 705 3161 ex
727 3103 813 3162 animi
834 3103 982 3162 sententia
1003 3104 1117 3176 gratias
1132 3121 1190 3176 ago
1206 3103 1319 3164 debitas

204 3225 376 3283 semperque
397 3209 511 3268 habebo
534 3227 621 3282 quarn
643 3210 796 3268 maximae.

202 4265 1317 4336 *mmmmm*
