<?xml version="1.0" encoding="UTF-8"?>
<!DOCTYPE html PUBLIC "-//W3C//DTD XHTML 1.0 Transitional//EN"
    "http://www.w3.org/TR/xhtml1/DTD/xhtml1-transitional.dtd">
<html xmlns="http://www.w3.org/1999/xhtml" xml:lang="en" lang="en">
 <head>
  <title>
</title>
<meta http-equiv="Content-Type" content="text/html;charset=utf-8" />
  <meta name='ocr-system' content='tesseract 3.04.00' />
  <meta name='ocr-capabilities' content='ocr_page ocr_carea ocr_par ocr_line ocrx_word'/>
</head>
<body>
  <div class='ocr_page' id='page_1' title='image "./defontibusvelle00burmgoog_0015.png"; bbox 0 0 3266 5292; ppageno 0'>
   <div class='ocr_carea' id='block_1_1' title="bbox 787 507 985 566">
    <p class='ocr_par' dir='ltr' id='par_1_1' title="bbox 787 507 985 566">
     <span class='ocr_line' id='line_1_1' title="bbox 787 507 985 566; baseline 0.01 -22"><span class='ocrx_word' id='word_1_1' title='bbox 787 507 985 566; x_wconf 79' lang='lat'><em>..4-</em></span> 
     </span>
    </p>
   </div>
   <div class='ocr_carea' id='block_1_2' title="bbox 250 673 1451 3419">
    <p class='ocr_par' dir='ltr' id='par_1_2' title="bbox 329 673 1450 1276">
     <span class='ocr_line' id='line_1_2' title="bbox 330 673 1450 752; baseline -0.003 -15"><span class='ocrx_word' id='word_1_2' title='bbox 330 695 452 751; x_wconf 89' lang='lat' dir='ltr'>quorum</span> <span class='ocrx_word' id='word_1_3' title='bbox 483 679 532 736; x_wconf 92' lang='lat' dir='ltr'>ille</span> <span class='ocrx_word' id='word_1_4' title='bbox 557 679 581 736; x_wconf 90' lang='lat' dir='ltr'>I.</span> <span class='ocrx_word' id='word_1_5' title='bbox 603 675 631 737; x_wconf 80' lang='lat'>7.</span> <span class='ocrx_word' id='word_1_6' title='bbox 658 675 677 735; x_wconf 84' lang='lat'><strong>3</strong></span> <span class='ocrx_word' id='word_1_7' title='bbox 708 677 855 747; x_wconf 86' lang='lat' dir='ltr'>laudatur,</span> <span class='ocrx_word' id='word_1_8' title='bbox 887 676 935 734; x_wconf 92' lang='lat' dir='ltr'>hic</span> <span class='ocrx_word' id='word_1_9' title='bbox 967 675 1108 735; x_wconf 79' lang='lat' dir='ltr'>Cicerone</span> <span class='ocrx_word' id='word_1_10' title='bbox 1139 675 1237 750; x_wconf 80' lang='lat' dir='ltr'>(Brut.</span> <span class='ocrx_word' id='word_1_11' title='bbox 1258 676 1315 734; x_wconf 91' lang='grc' dir='ltr'>ΙΠ.</span> <span class='ocrx_word' id='word_1_12' title='bbox 1343 673 1392 752; x_wconf 86' lang='grc'>14)</span> <span class='ocrx_word' id='word_1_13' title='bbox 1419 681 1450 734; x_wconf 90' lang='lat' dir='ltr'>et</span> 
     </span>
     <span class='ocr_line' id='line_1_3' title="bbox 329 781 1449 859; baseline -0.003 -16"><span class='ocrx_word' id='word_1_14' title='bbox 329 786 446 858; x_wconf 82' lang='lat' dir='ltr'>Nepote</span> <span class='ocrx_word' id='word_1_15' title='bbox 471 785 536 859; x_wconf 80' lang='lat' dir='ltr'>(vit.</span> <span class='ocrx_word' id='word_1_16' title='bbox 563 785 660 843; x_wconf 83' lang='lat' dir='ltr'>Attie.</span> <span class='ocrx_word' id='word_1_17' title='bbox 684 781 731 843; x_wconf 84' lang='lat'>18.</span> <span class='ocrx_word' id='word_1_18' title='bbox 755 781 776 842; x_wconf 44' lang='lat'>1*</span> <span class='ocrx_word' id='word_1_19' title='bbox 793 785 869 859; x_wconf 83' lang='lat' dir='ltr'>sqq.)</span> <span class='ocrx_word' id='word_1_20' title='bbox 895 784 1023 841; x_wconf 88' lang='lat' dir='ltr'>testibus</span> <span class='ocrx_word' id='word_1_21' title='bbox 1048 781 1162 841; x_wconf 88' lang='lat' dir='ltr'>Annali</span> <span class='ocrx_word' id='word_1_22' title='bbox 1188 800 1241 842; x_wconf 90' lang='lat' dir='ltr'>suo</span> <span class='ocrx_word' id='word_1_23' title='bbox 1267 801 1365 841; x_wconf 88' lang='lat' dir='ltr'>rerum</span> <span class='ocrx_word' id='word_1_24' title='bbox 1390 783 1449 840; x_wconf 90' lang='lat' dir='ltr'>Ro·</span> 
     </span>
     <span class='ocr_line' id='line_1_4' title="bbox 329 890 1448 964; baseline -0.003 -14"><span class='ocrx_word' id='word_1_25' title='bbox 329 909 480 950; x_wconf 92' lang='lat' dir='ltr'>manarum</span> <span class='ocrx_word' id='word_1_26' title='bbox 510 892 679 950; x_wconf 84' lang='lat' dir='ltr'>memoriam</span> <span class='ocrx_word' id='word_1_27' title='bbox 709 890 840 949; x_wconf 81' lang='lat' dir='ltr'>breviter</span> <span class='ocrx_word' id='word_1_28' title='bbox 868 894 899 948; x_wconf 90' lang='lat' dir='ltr'>et</span> <span class='ocrx_word' id='word_1_29' title='bbox 927 890 1139 964; x_wconf 76' lang='lat' dir='ltr'>perdiligenter</span> <span class='ocrx_word' id='word_1_30' title='bbox 1170 891 1340 964; x_wconf 86' lang='lat' dir='ltr'>complexus</span> <span class='ocrx_word' id='word_1_31' title='bbox 1371 893 1448 949; x_wconf 89' lang='lat' dir='ltr'>erat:</span> 
     </span>
     <span class='ocr_line' id='line_1_5' title="bbox 330 991 1450 1071; baseline -0.002 -15"><span class='ocrx_word' id='word_1_32' title='bbox 330 1016 415 1071; x_wconf 92' lang='lat' dir='ltr'>quem</span> <span class='ocrx_word' id='word_1_33' title='bbox 439 999 545 1056; x_wconf 90' lang='lat' dir='ltr'>librum</span> <span class='ocrx_word' id='word_1_34' title='bbox 571 997 833 1057; x_wconf 80' lang='lat' dir='ltr'>commodissimam</span> <span class='ocrx_word' id='word_1_35' title='bbox 858 997 1031 1056; x_wconf 72' lang='lat' dir='ltr'>facultatem</span> <span class='ocrx_word' id='word_1_36' title='bbox 1058 997 1083 1055; x_wconf 92' lang='lat' dir='ltr'>ei</span> <span class='ocrx_word' id='word_1_37' title='bbox 1104 991 1275 1070; x_wconf 88' lang='lat' dir='ltr'>praebuisse</span> <span class='ocrx_word' id='word_1_38' title='bbox 1300 997 1380 1055; x_wconf 93' lang='lat' dir='ltr'>nullo</span> <span class='ocrx_word' id='word_1_39' title='bbox 1400 1014 1450 1054; x_wconf 90' lang='lat' dir='ltr'>ne·</span> 
     </span>
     <span class='ocr_line' id='line_1_6' title="bbox 329 1103 1448 1179; baseline -0.002 -17"><span class='ocrx_word' id='word_1_40' title='bbox 329 1106 421 1179; x_wconf 87' lang='lat' dir='ltr'>gotio,</span> <span class='ocrx_word' id='word_1_41' title='bbox 454 1121 651 1178; x_wconf 87' lang='lat' dir='ltr'>quaecumque</span> <span class='ocrx_word' id='word_1_42' title='bbox 681 1104 738 1177; x_wconf 90' lang='lat' dir='ltr'>ipsi</span> <span class='ocrx_word' id='word_1_43' title='bbox 773 1107 939 1177; x_wconf 90' lang='lat' dir='ltr'>opportuna</span> <span class='ocrx_word' id='word_1_44' title='bbox 972 1103 1152 1173; x_wconf 82' lang='lat' dir='ltr'>viderentur,</span> <span class='ocrx_word' id='word_1_45' title='bbox 1187 1103 1255 1161; x_wconf 93' lang='lat' dir='ltr'>inde</span> <span class='ocrx_word' id='word_1_46' title='bbox 1285 1103 1448 1162; x_wconf 89' lang='lat' dir='ltr'>mutuandi.</span> 
     </span>
     <span class='ocr_line' id='line_1_7' title="bbox 330 1211 854 1276; baseline -0.002 -7"><span class='ocrx_word' id='word_1_47' title='bbox 330 1211 389 1269; x_wconf 85' lang='lat' dir='ltr'>Sed</span> <span class='ocrx_word' id='word_1_48' title='bbox 412 1212 447 1276; x_wconf 92' lang='lat' dir='ltr'>de</span> <span class='ocrx_word' id='word_1_49' title='bbox 468 1211 574 1270; x_wconf 83' lang='lat' dir='ltr'>Attico</span> <span class='ocrx_word' id='word_1_50' title='bbox 595 1228 665 1269; x_wconf 87' lang='lat' dir='ltr'>mox</span> <span class='ocrx_word' id='word_1_51' title='bbox 685 1211 854 1269; x_wconf 84' lang='lat' dir='ltr'>viderimus</span> 
     </span>
    </p>

    <p class='ocr_par' dir='ltr' id='par_1_3' title="bbox 250 1299 1451 2338">
     <span class='ocr_line' id='line_1_8' title="bbox 409 1299 1451 1391; baseline -0.003 -14"><span class='ocrx_word' id='word_1_52' title='bbox 409 1319 472 1377; x_wconf 90' lang='lat' dir='ltr'>Iam</span> <span class='ocrx_word' id='word_1_53' title='bbox 493 1321 563 1376; x_wconf 90' lang='lat' dir='ltr'>ante</span> <span class='ocrx_word' id='word_1_54' title='bbox 589 1299 737 1376; x_wconf 84' lang='lat' dir='ltr'>Kn&#39;tzium</span> <span class='ocrx_word' id='word_1_55' title='bbox 763 1317 803 1375; x_wconf 91' lang='lat' dir='ltr'>H.</span> <span class='ocrx_word' id='word_1_56' title='bbox 831 1316 1008 1391; x_wconf 90' lang='lat' dir='ltr'>Sauppius</span> <span class='ocrx_word' id='word_1_57' title='bbox 1034 1318 1065 1375; x_wconf 92' lang='lat' dir='ltr'>iu</span> <span class='ocrx_word' id='word_1_58' title='bbox 1092 1317 1215 1391; x_wconf 82' lang='lat' dir='ltr'>egregia</span> <span class='ocrx_word' id='word_1_59' title='bbox 1236 1317 1287 1376; x_wconf 90' lang='lat' dir='ltr'>illa</span> <span class='ocrx_word' id='word_1_60' title='bbox 1307 1333 1451 1375; x_wconf 90' lang='lat' dir='ltr'>commen·</span> 
     </span>
     <span class='ocr_line' id='line_1_9' title="bbox 329 1423 1450 1500; baseline -0.002 -17"><span class='ocrx_word' id='word_1_61' title='bbox 329 1427 441 1485; x_wconf 90' lang='lat' dir='ltr'>tatione</span> <span class='ocrx_word' id='word_1_62' title='bbox 463 1425 499 1483; x_wconf 93' lang='lat' dir='ltr'>de</span> <span class='ocrx_word' id='word_1_63' title='bbox 520 1425 560 1486; x_wconf 87' lang='lat' dir='ltr'>M.</span> <span class='ocrx_word' id='word_1_64' title='bbox 581 1424 696 1482; x_wconf 86' lang='lat' dir='ltr'>Velleio</span> <span class='ocrx_word' id='word_1_65' title='bbox 717 1423 912 1500; x_wconf 80' lang='lat' dir='ltr'>Paterculo⁴)‚</span> <span class='ocrx_word' id='word_1_66' title='bbox 940 1425 1024 1482; x_wconf 93' lang='lat' dir='ltr'>utin</span> <span class='ocrx_word' id='word_1_67' title='bbox 1045 1424 1143 1497; x_wconf 91' lang='lat' dir='ltr'>priore</span> <span class='ocrx_word' id='word_1_68' title='bbox 1163 1423 1260 1496; x_wconf 86' lang='lat' dir='ltr'>operis</span> <span class='ocrx_word' id='word_1_69' title='bbox 1281 1423 1450 1500; x_wconf 82' lang='lat' dir='ltr'>fragmento</span> 
     </span>
     <span class='ocr_line' id='line_1_10' title="bbox 329 1517 1451 1608; baseline -0.003 -17"><span class='ocrx_word' id='word_1_70' title='bbox 329 1532 366 1606; x_wconf 82' lang='lat' dir='ltr'>(I.</span> <span class='ocrx_word' id='word_1_71' title='bbox 389 1529 476 1590; x_wconf 84' lang='lat'>1-8.</span> <span class='ocrx_word' id='word_1_72' title='bbox 498 1528 529 1608; x_wconf 82' lang='lat'>3)</span> <span class='ocrx_word' id='word_1_73' title='bbox 551 1532 724 1604; x_wconf 78' lang='lat' dir='ltr'>scriptorem</span> <span class='ocrx_word' id='word_1_74' title='bbox 746 1530 899 1589; x_wconf 82' lang='lat' dir='ltr'>Chronicis</span> <span class='ocrx_word' id='word_1_75' title='bbox 921 1529 1048 1588; x_wconf 85' lang='lat' dir='ltr'>Oornelii</span> <span class='ocrx_word' id='word_1_76' title='bbox 1069 1517 1196 1604; x_wconf 77' lang='lat' dir='ltr'>Nepotis</span> <span class='ocrx_word' id='word_1_77' title='bbox 1220 1547 1305 1588; x_wconf 91' lang='lat' dir='ltr'>usum</span> <span class='ocrx_word' id='word_1_78' title='bbox 1327 1547 1393 1588; x_wconf 88' lang='lat' dir='ltr'>esse</span> <span class='ocrx_word' id='word_1_79' title='bbox 1413 1547 1451 1588; x_wconf 87' lang='lat' dir='ltr'>ex</span> 
     </span>
     <span class='ocr_line' id='line_1_11' title="bbox 330 1633 1450 1714; baseline -0.003 -17"><span class='ocrx_word' id='word_1_80' title='bbox 330 1640 419 1698; x_wconf 88' lang='lat' dir='ltr'>certis</span> <span class='ocrx_word' id='word_1_81' title='bbox 443 1637 558 1697; x_wconf 88' lang='lat' dir='ltr'>indiciis</span> <span class='ocrx_word' id='word_1_82' title='bbox 585 1638 800 1696; x_wconf 87' lang='lat' dir='ltr'>demonstravit</span> <span class='ocrx_word' id='word_1_83' title='bbox 825 1635 865 1711; x_wconf 85' lang='lat' dir='ltr'>(p.</span> <span class='ocrx_word' id='word_1_84' title='bbox 893 1633 951 1696; x_wconf 82' lang='lat'>145</span> <span class='ocrx_word' id='word_1_85' title='bbox 973 1639 1040 1714; x_wconf 81' lang='lat' dir='ltr'>sq),</span> <span class='ocrx_word' id='word_1_86' title='bbox 1066 1637 1164 1695; x_wconf 90' lang='lat' dir='ltr'>sicin</span> <span class='ocrx_word' id='word_1_87' title='bbox 1189 1636 1315 1695; x_wconf 87' lang='lat' dir='ltr'>historia</span> <span class='ocrx_word' id='word_1_88' title='bbox 1342 1637 1450 1695; x_wconf 87' lang='lat' dir='ltr'>aetatis</span> 
     </span>
     <span class='ocr_line' id='line_1_12' title="bbox 329 1741 1451 1820; baseline -0.001 -18"><span class='ocrx_word' id='word_1_89' title='bbox 329 1746 463 1819; x_wconf 85' lang='lat' dir='ltr'>Augusti</span> <span class='ocrx_word' id='word_1_90' title='bbox 490 1744 700 1804; x_wconf 90' lang='lat' dir='ltr'>conscribenda</span> <span class='ocrx_word' id='word_1_91' title='bbox 726 1743 778 1818; x_wconf 91' lang='grc' dir='ltr'>(Π.</span> <span class='ocrx_word' id='word_1_92' title='bbox 804 1741 935 1820; x_wconf 86' lang='grc'>59-91)</span> <span class='ocrx_word' id='word_1_93' title='bbox 961 1743 1054 1818; x_wconf 85' lang='lat' dir='ltr'>ipsius</span> <span class='ocrx_word' id='word_1_94' title='bbox 1084 1743 1276 1817; x_wconf 90' lang='lat' dir='ltr'>Imperatoris</span> <span class='ocrx_word' id='word_1_95' title='bbox 1308 1761 1451 1802; x_wconf 91' lang='lat' dir='ltr'>commen-</span> 
     </span>
     <span class='ocr_line' id='line_1_13' title="bbox 250 1850 1449 1938; baseline -0.001 -29"><span class='ocrx_word' id='word_1_96' title='bbox 250 1931 253 1938; x_wconf 24' lang='grc'><em>,</em></span> <span class='ocrx_word' id='word_1_97' title='bbox 331 1853 423 1910; x_wconf 90' lang='lat' dir='ltr'>tarios</span> <span class='ocrx_word' id='word_1_98' title='bbox 455 1851 536 1909; x_wconf 91' lang='lat' dir='ltr'>inter</span> <span class='ocrx_word' id='word_1_99' title='bbox 568 1851 742 1925; x_wconf 89' lang='lat' dir='ltr'>praecipuos</span> <span class='ocrx_word' id='word_1_100' title='bbox 776 1851 874 1909; x_wconf 84' lang='lat' dir='ltr'>fontes</span> <span class='ocrx_word' id='word_1_101' title='bbox 905 1868 972 1909; x_wconf 91' lang='lat' dir='ltr'>eum</span> <span class='ocrx_word' id='word_1_102' title='bbox 1002 1850 1141 1908; x_wconf 88' lang='lat' dir='ltr'>habuisse</span> <span class='ocrx_word' id='word_1_103' title='bbox 1172 1855 1259 1909; x_wconf 86' lang='lat' dir='ltr'>acute</span> <span class='ocrx_word' id='word_1_104' title='bbox 1289 1851 1449 1925; x_wconf 82' lang='lat' dir='ltr'>perspexit.</span> 
     </span>
     <span class='ocr_line' id='line_1_14' title="bbox 330 1957 1451 2032; baseline -0.002 -16"><span class='ocrx_word' id='word_1_105' title='bbox 330 1959 434 2016; x_wconf 90' lang='lat' dir='ltr'>Priore</span> <span class='ocrx_word' id='word_1_106' title='bbox 456 1975 526 2016; x_wconf 91' lang='lat' dir='ltr'>vero</span> <span class='ocrx_word' id='word_1_107' title='bbox 548 1958 703 2016; x_wconf 88' lang='lat' dir='ltr'>voluminis</span> <span class='ocrx_word' id='word_1_108' title='bbox 724 1961 809 2032; x_wconf 86' lang='lat' dir='ltr'>perte</span> <span class='ocrx_word' id='word_1_109' title='bbox 831 1974 904 2030; x_wconf 89' lang='lat' dir='ltr'>quos</span> <span class='ocrx_word' id='word_1_110' title='bbox 924 1957 1057 2015; x_wconf 87' lang='lat' dir='ltr'>Velleius</span> <span class='ocrx_word' id='word_1_111' title='bbox 1085 1957 1141 2015; x_wconf 89' lang='lat' dir='ltr'>sibi</span> <span class='ocrx_word' id='word_1_112' title='bbox 1161 1961 1338 2031; x_wconf 88' lang='lat' dir='ltr'>praeeuntes</span> <span class='ocrx_word' id='word_1_113' title='bbox 1359 1957 1451 2015; x_wconf 89' lang='lat' dir='ltr'>habu·</span> 
     </span>
     <span class='ocr_line' id='line_1_15' title="bbox 331 2063 1450 2137; baseline -0.001 -13"><span class='ocrx_word' id='word_1_114' title='bbox 331 2065 388 2124; x_wconf 85' lang='lat' dir='ltr'>erit</span> <span class='ocrx_word' id='word_1_115' title='bbox 419 2065 517 2136; x_wconf 88' lang='lat' dir='ltr'>duces,</span> <span class='ocrx_word' id='word_1_116' title='bbox 548 2065 597 2123; x_wconf 94' lang='lat' dir='ltr'>ille</span> <span class='ocrx_word' id='word_1_117' title='bbox 628 2065 743 2137; x_wconf 88' lang='lat' dir='ltr'>quidem</span> <span class='ocrx_word' id='word_1_118' title='bbox 774 2082 833 2123; x_wconf 92' lang='lat' dir='ltr'>nen</span> <span class='ocrx_word' id='word_1_119' title='bbox 857 2064 977 2135; x_wconf 83' lang='lat' dir='ltr'>indicat,</span> <span class='ocrx_word' id='word_1_120' title='bbox 1009 2063 1095 2122; x_wconf 88' lang='lat' dir='ltr'>Livio</span> <span class='ocrx_word' id='word_1_121' title='bbox 1121 2068 1220 2122; x_wconf 88' lang='lat' dir='ltr'>autem</span> <span class='ocrx_word' id='word_1_122' title='bbox 1247 2067 1282 2122; x_wconf 91' lang='lat' dir='ltr'>ut</span> <span class='ocrx_word' id='word_1_123' title='bbox 1307 2065 1450 2123; x_wconf 89' lang='lat' dir='ltr'>historico</span> 
     </span>
     <span class='ocr_line' id='line_1_16' title="bbox 330 2170 1451 2246; baseline -0.001 -17"><span class='ocrx_word' id='word_1_124' title='bbox 330 2171 440 2230; x_wconf 89' lang='lat' dir='ltr'>liberae</span> <span class='ocrx_word' id='word_1_125' title='bbox 465 2172 642 2246; x_wconf 87' lang='lat' dir='ltr'>reipublicae</span> <span class='ocrx_word' id='word_1_126' title='bbox 668 2171 887 2230; x_wconf 87' lang='lat' dir='ltr'>dissimulanter</span> <span class='ocrx_word' id='word_1_127' title='bbox 914 2171 1048 2230; x_wconf 88' lang='lat' dir='ltr'>studioso</span> <span class='ocrx_word' id='word_1_128' title='bbox 1080 2188 1183 2244; x_wconf 90' lang='lat' dir='ltr'>parum</span> <span class='ocrx_word' id='word_1_129' title='bbox 1210 2187 1275 2228; x_wconf 91' lang='lat' dir='ltr'>eum</span> <span class='ocrx_word' id='word_1_130' title='bbox 1306 2171 1373 2228; x_wconf 90' lang='lat' dir='ltr'>fidei</span> <span class='ocrx_word' id='word_1_131' title='bbox 1399 2170 1451 2229; x_wconf 89' lang='lat' dir='ltr'>tri-</span> 
     </span>
     <span class='ocr_line' id='line_1_17' title="bbox 333 2278 627 2338; baseline 0 -2"><span class='ocrx_word' id='word_1_132' title='bbox 333 2279 433 2338; x_wconf 88' lang='lat' dir='ltr'>buisse</span> <span class='ocrx_word' id='word_1_133' title='bbox 454 2278 627 2336; x_wconf 87' lang='lat' dir='ltr'>arbitratur.</span> 
     </span>
    </p>

    <p class='ocr_par' dir='ltr' id='par_1_4' title="bbox 331 2383 1451 2978">
     <span class='ocr_line' id='line_1_18' title="bbox 412 2383 1451 2461; baseline -0.002 -17"><span class='ocrx_word' id='word_1_134' title='bbox 412 2383 552 2457; x_wconf 85' lang='lat' dir='ltr'>Sequitur</span> <span class='ocrx_word' id='word_1_135' title='bbox 577 2385 724 2444; x_wconf 91' lang='lat' dir='ltr'>Ulricus</span> <span class='ocrx_word' id='word_1_136' title='bbox 749 2383 950 2461; x_wconf 78' lang='lat' dir='ltr'>Kochler⁵)‚</span> <span class='ocrx_word' id='word_1_137' title='bbox 983 2384 1031 2457; x_wconf 95' lang='lat' dir='ltr'>qui</span> <span class='ocrx_word' id='word_1_138' title='bbox 1057 2383 1175 2443; x_wconf 85' lang='lat' dir='ltr'>Livium</span> <span class='ocrx_word' id='word_1_139' title='bbox 1200 2390 1235 2443; x_wconf 93' lang='lat' dir='ltr'>ut</span> <span class='ocrx_word' id='word_1_140' title='bbox 1260 2385 1297 2443; x_wconf 90' lang='lat' dir='ltr'>ab</span> <span class='ocrx_word' id='word_1_141' title='bbox 1319 2384 1392 2454; x_wconf 83' lang='lat' dir='ltr'>aliis,</span> <span class='ocrx_word' id='word_1_142' title='bbox 1415 2402 1451 2442; x_wconf 90' lang='lat' dir='ltr'>ne</span> 
     </span>
     <span class='ocr_line' id='line_1_19' title="bbox 332 2491 1451 2565; baseline 0 -15"><span class='ocrx_word' id='word_1_143' title='bbox 332 2493 425 2551; x_wconf 91' lang='lat' dir='ltr'>dicam</span> <span class='ocrx_word' id='word_1_144' title='bbox 457 2491 599 2562; x_wconf 87' lang='lat' dir='ltr'>omnibus,</span> <span class='ocrx_word' id='word_1_145' title='bbox 631 2492 804 2565; x_wconf 86' lang='lat' dir='ltr'>posterioris</span> <span class='ocrx_word' id='word_1_146' title='bbox 836 2491 944 2550; x_wconf 86' lang='lat' dir='ltr'>aetatis</span> <span class='ocrx_word' id='word_1_147' title='bbox 972 2491 1130 2562; x_wconf 67' lang='lat' dir='ltr'>historicis</span> <span class='ocrx_word' id='word_1_148' title='bbox 1163 2492 1205 2549; x_wconf 92' lang='lat' dir='ltr'>sic</span> <span class='ocrx_word' id='word_1_149' title='bbox 1230 2493 1380 2550; x_wconf 87' lang='lat' dir='ltr'>aNostre</span> <span class='ocrx_word' id='word_1_150' title='bbox 1402 2491 1451 2564; x_wconf 85' lang='lat' dir='ltr'>ad·</span> 
     </span>
     <span class='ocr_line' id='line_1_20' title="bbox 331 2587 1451 2673; baseline -0.002 -15"><span class='ocrx_word' id='word_1_151' title='bbox 331 2599 455 2658; x_wconf 80' lang='grc'>11111111</span> <span class='ocrx_word' id='word_1_152' title='bbox 468 2667 471 2671; x_wconf 37' lang='grc'><strong>,</strong></span> <span class='ocrx_word' id='word_1_153' title='bbox 486 2599 612 2673; x_wconf 84' lang='lat' dir='ltr'>prebere</span> <span class='ocrx_word' id='word_1_154' title='bbox 644 2601 769 2658; x_wconf 89' lang='lat' dir='ltr'>cenatus</span> <span class='ocrx_word' id='word_1_155' title='bbox 801 2603 856 2656; x_wconf 89' lang='lat' dir='ltr'>est.</span> <span class='ocrx_word' id='word_1_156' title='bbox 889 2597 949 2657; x_wconf 90' lang='lat' dir='ltr'>Sed</span> <span class='ocrx_word' id='word_1_157' title='bbox 981 2615 1047 2657; x_wconf 92' lang='lat' dir='ltr'>cum</span> <span class='ocrx_word' id='word_1_158' title='bbox 1078 2598 1151 2656; x_wconf 91' lang='lat' dir='ltr'>duos</span> <span class='ocrx_word' id='word_1_159' title='bbox 1177 2601 1294 2656; x_wconf 85' lang='lat' dir='ltr'>tentum</span> <span class='ocrx_word' id='word_1_160' title='bbox 1320 2599 1401 2657; x_wconf 91' lang='lat' dir='ltr'>locos</span> <span class='ocrx_word' id='word_1_161' title='bbox 1420 2587 1451 2670; x_wconf 86' lang='grc'>11</span> 
     </span>
     <span class='ocr_line' id='line_1_21' title="bbox 333 2704 1450 2785; baseline -0.001 -22"><span class='ocrx_word' id='word_1_162' title='bbox 333 2723 454 2764; x_wconf 83' lang='lat' dir='ltr'>examen</span> <span class='ocrx_word' id='word_1_163' title='bbox 485 2705 647 2775; x_wconf 86' lang='lat' dir='ltr'>vocaverit,</span> <span class='ocrx_word' id='word_1_164' title='bbox 683 2705 733 2763; x_wconf 94' lang='lat' dir='ltr'>ubi</span> <span class='ocrx_word' id='word_1_165' title='bbox 765 2722 829 2763; x_wconf 93' lang='lat' dir='ltr'>eum</span> <span class='ocrx_word' id='word_1_166' title='bbox 861 2705 899 2762; x_wconf 88' lang='lat' dir='ltr'>ad</span> <span class='ocrx_word' id='word_1_167' title='bbox 928 2705 1088 2763; x_wconf 87' lang='lat' dir='ltr'>verberum</span> <span class='ocrx_word' id='word_1_168' title='bbox 1122 2704 1201 2763; x_wconf 86' lang='lat' dir='ltr'>Livii</span> <span class='ocrx_word' id='word_1_169' title='bbox 1233 2704 1450 2785; x_wconf 88' lang='lat' dir='ltr'>similitudinem</span> 
     </span>
     <span class='ocr_line' id='line_1_22' title="bbox 332 2811 1451 2886; baseline -0.001 -16"><span class='ocrx_word' id='word_1_170' title='bbox 332 2813 471 2871; x_wconf 91' lang='lat' dir='ltr'>accedere</span> <span class='ocrx_word' id='word_1_171' title='bbox 492 2816 587 2885; x_wconf 80' lang='lat' dir='ltr'>putat,</span> <span class='ocrx_word' id='word_1_172' title='bbox 611 2811 741 2870; x_wconf 89' lang='lat' dir='ltr'>timidius</span> <span class='ocrx_word' id='word_1_173' title='bbox 762 2829 795 2870; x_wconf 88' lang='lat' dir='ltr'>se</span> <span class='ocrx_word' id='word_1_174' title='bbox 816 2829 924 2886; x_wconf 83' lang='lat' dir='ltr'>gerens</span> <span class='ocrx_word' id='word_1_175' title='bbox 945 2829 1007 2870; x_wconf 90' lang='lat' dir='ltr'>rem</span> <span class='ocrx_word' id='word_1_176' title='bbox 1028 2829 1080 2885; x_wconf 95' lang='lat' dir='ltr'>pre</span> <span class='ocrx_word' id='word_1_177' title='bbox 1101 2815 1182 2870; x_wconf 89' lang='lat' dir='ltr'>certo</span> <span class='ocrx_word' id='word_1_178' title='bbox 1202 2811 1347 2870; x_wconf 84' lang='lat' dir='ltr'>affirmare</span> <span class='ocrx_word' id='word_1_179' title='bbox 1361 2829 1451 2870; x_wconf 89' lang='lat' dir='ltr'>ausus</span> 
     </span>
     <span class='ocr_line' id='line_1_23' title="bbox 331 2891 1339 2978; baseline -0.008 -1"><span class='ocrx_word' id='word_1_180' title='bbox 331 2925 467 2978; x_wconf 87' lang='lat' dir='ltr'>nonest.</span> <span class='ocrx_word' id='word_1_181' title='bbox 1335 2891 1339 2898; x_wconf 38' lang='lat'><em>⁶</em></span> 
     </span>
    </p>

    <p class='ocr_par' dir='ltr' id='par_1_5' title="bbox 331 3024 1451 3419">
     <span class='ocr_line' id='line_1_24' title="bbox 413 3024 1451 3101; baseline 0 -18"><span class='ocrx_word' id='word_1_182' title='bbox 413 3026 490 3084; x_wconf 89' lang='lat' dir='ltr'>Post</span> <span class='ocrx_word' id='word_1_183' title='bbox 518 3043 584 3084; x_wconf 88' lang='lat' dir='ltr'>eum</span> <span class='ocrx_word' id='word_1_184' title='bbox 609 3025 784 3083; x_wconf 85' lang='lat' dir='ltr'>Alfredus</span> <span class='ocrx_word' id='word_1_185' title='bbox 815 3025 1030 3101; x_wconf 81' lang='lat' dir='ltr'>Pernices⁶)‚</span> <span class='ocrx_word' id='word_1_186' title='bbox 1066 3041 1132 3082; x_wconf 92' lang='lat' dir='ltr'>cum</span> <span class='ocrx_word' id='word_1_187' title='bbox 1164 3024 1200 3082; x_wconf 93' lang='lat' dir='ltr'>de</span> <span class='ocrx_word' id='word_1_188' title='bbox 1223 3024 1280 3082; x_wconf 90' lang='lat' dir='ltr'>fide</span> <span class='ocrx_word' id='word_1_189' title='bbox 1310 3025 1451 3083; x_wconf 88' lang='lat' dir='ltr'>historica</span> 
     </span>
     <span class='ocr_line' id='line_1_25' title="bbox 333 3118 1449 3206; baseline -0.001 -15"><span class='ocrx_word' id='word_1_190' title='bbox 333 3134 428 3191; x_wconf 91' lang='lat' dir='ltr'>Vellei</span> <span class='ocrx_word' id='word_1_191' title='bbox 460 3118 634 3206; x_wconf 64' lang='lat' dir='ltr'>disputiret,</span> <span class='ocrx_word' id='word_1_192' title='bbox 668 3133 703 3190; x_wconf 90' lang='lat' dir='ltr'>de</span> <span class='ocrx_word' id='word_1_193' title='bbox 735 3131 867 3191; x_wconf 86' lang='lat' dir='ltr'>fontibus</span> <span class='ocrx_word' id='word_1_194' title='bbox 897 3149 991 3205; x_wconf 91' lang='lat' dir='ltr'>pauca</span> <span class='ocrx_word' id='word_1_195' title='bbox 1014 3130 1202 3203; x_wconf 91' lang='lat' dir='ltr'>interponere</span> <span class='ocrx_word' id='word_1_196' title='bbox 1234 3131 1312 3189; x_wconf 90' lang='lat' dir='ltr'>haud</span> <span class='ocrx_word' id='word_1_197' title='bbox 1344 3131 1449 3190; x_wconf 92' lang='lat' dir='ltr'>omisit.</span> 
     </span>
     <span class='ocr_line' id='line_1_26' title="bbox 332 3236 1450 3314; baseline -0.001 -17"><span class='ocrx_word' id='word_1_198' title='bbox 332 3241 364 3298; x_wconf 91' lang='lat' dir='ltr'>ls</span> <span class='ocrx_word' id='word_1_199' title='bbox 385 3239 509 3314; x_wconf 92' lang='lat' dir='ltr'>primum</span> <span class='ocrx_word' id='word_1_200' title='bbox 529 3239 643 3297; x_wconf 87' lang='lat' dir='ltr'>refutat</span> <span class='ocrx_word' id='word_1_201' title='bbox 657 3238 780 3297; x_wconf 85' lang='lat' dir='ltr'>Kreusii</span> <span class='ocrx_word' id='word_1_202' title='bbox 802 3239 966 3312; x_wconf 89' lang='lat' dir='ltr'>opinionem</span> <span class='ocrx_word' id='word_1_203' title='bbox 979 3236 1126 3295; x_wconf 91' lang='lat' dir='ltr'>Velleium</span> <span class='ocrx_word' id='word_1_204' title='bbox 1144 3241 1264 3310; x_wconf 88' lang='lat' dir='ltr'>praeter</span> <span class='ocrx_word' id='word_1_205' title='bbox 1274 3238 1450 3311; x_wconf 89' lang='lat' dir='ltr'>scriptorum</span> 
     </span>
     <span class='ocr_line' id='line_1_27' title="bbox 331 3339 1449 3419; baseline -0.004 -12"><span class='ocrx_word' id='word_1_206' title='bbox 331 3339 517 3407; x_wconf 82' lang='lat' dir='ltr'>narrationes</span> <span class='ocrx_word' id='word_1_207' title='bbox 539 3346 715 3405; x_wconf 87' lang='lat' dir='ltr'>documenta</span> <span class='ocrx_word' id='word_1_208' title='bbox 734 3345 851 3419; x_wconf 92' lang='lat' dir='ltr'>publica</span> <span class='ocrx_word' id='word_1_209' title='bbox 865 3344 1057 3414; x_wconf 90' lang='lat' dir='ltr'>consuluisse,</span> <span class='ocrx_word' id='word_1_210' title='bbox 1080 3344 1146 3403; x_wconf 92' lang='lat' dir='ltr'>dein</span> <span class='ocrx_word' id='word_1_211' title='bbox 1162 3342 1303 3403; x_wconf 85' lang='lat' dir='ltr'>Sallustio</span> <span class='ocrx_word' id='word_1_212' title='bbox 1319 3349 1350 3403; x_wconf 93' lang='lat' dir='ltr'>et</span> <span class='ocrx_word' id='word_1_213' title='bbox 1364 3345 1449 3403; x_wconf 86' lang='lat' dir='ltr'>Livio</span> 
     </span>
    </p>
   </div>
   <div class='ocr_carea' id='block_1_3' title="bbox 243 3441 1450 3525">
    <p class='ocr_par' dir='ltr' id='par_1_6' title="bbox 243 3441 1450 3525">
     <span class='ocr_line' id='line_1_28' title="bbox 243 3441 1450 3525; baseline -0.003 -13"><span class='ocrx_word' id='word_1_214' title='bbox 243 3467 245 3471; x_wconf 87' lang='grc'><em>·</em></span> <span class='ocrx_word' id='word_1_215' title='bbox 332 3453 482 3512; x_wconf 87' lang='lat' dir='ltr'>multaab</span> <span class='ocrx_word' id='word_1_216' title='bbox 505 3469 539 3511; x_wconf 92' lang='lat' dir='ltr'>eo</span> <span class='ocrx_word' id='word_1_217' title='bbox 561 3452 659 3511; x_wconf 88' lang='lat' dir='ltr'>deberi</span> <span class='ocrx_word' id='word_1_218' title='bbox 680 3452 833 3522; x_wconf 85' lang='lat' dir='ltr'>infitiatur,</span> <span class='ocrx_word' id='word_1_219' title='bbox 854 3455 1004 3525; x_wconf 88' lang='lat' dir='ltr'>postremo</span> <span class='ocrx_word' id='word_1_220' title='bbox 1024 3468 1096 3509; x_wconf 84' lang='lat' dir='ltr'>vere</span> <span class='ocrx_word' id='word_1_221' title='bbox 1119 3451 1155 3509; x_wconf 94' lang='lat' dir='ltr'>de</span> <span class='ocrx_word' id='word_1_222' title='bbox 1168 3451 1331 3524; x_wconf 91' lang='lat' dir='ltr'>Pomponio</span> <span class='ocrx_word' id='word_1_223' title='bbox 1346 3441 1450 3510; x_wconf 89' lang='lat' dir='ltr'>Attico</span> 
     </span>
    </p>
   </div>
   <div class='ocr_carea' id='block_1_4' title="bbox 333 3558 1451 3631">
    <p class='ocr_par' dir='ltr' id='par_1_7' title="bbox 333 3558 1451 3631">
     <span class='ocr_line' id='line_1_29' title="bbox 333 3558 1451 3631; baseline -0.003 -13"><span class='ocrx_word' id='word_1_224' title='bbox 333 3561 481 3618; x_wconf 86' lang='lat' dir='ltr'>disserens</span> <span class='ocrx_word' id='word_1_225' title='bbox 512 3559 639 3618; x_wconf 90' lang='lat' dir='ltr'>libenter</span> <span class='ocrx_word' id='word_1_226' title='bbox 669 3560 784 3618; x_wconf 89' lang='lat' dir='ltr'>accedit</span> <span class='ocrx_word' id='word_1_227' title='bbox 811 3559 940 3628; x_wconf 81' lang='lat' dir='ltr'>Kritzi03</span> <span class='ocrx_word' id='word_1_228' title='bbox 973 3577 1041 3618; x_wconf 91' lang='lat' dir='ltr'>uam</span> <span class='ocrx_word' id='word_1_229' title='bbox 1074 3575 1148 3631; x_wconf 92' lang='lat' dir='ltr'>quae</span> <span class='ocrx_word' id='word_1_230' title='bbox 1170 3558 1205 3616; x_wconf 91' lang='lat' dir='ltr'>de</span> <span class='ocrx_word' id='word_1_231' title='bbox 1225 3559 1275 3616; x_wconf 92' lang='lat' dir='ltr'>illo</span> <span class='ocrx_word' id='word_1_232' title='bbox 1296 3558 1451 3616; x_wconf 90' lang='lat' dir='ltr'>tradiderit</span> 
     </span>
    </p>
   </div>
   <div class='ocr_carea' id='block_1_5' title="bbox 325 3761 1450 4278">
    <p class='ocr_par' dir='ltr' id='par_1_8' title="bbox 333 3761 1450 3923">
     <span class='ocr_line' id='line_1_30' title="bbox 413 3761 1450 3831; baseline -0.005 -11"><span class='ocrx_word' id='word_1_233' title='bbox 413 3767 433 3831; x_wconf 77' lang='lat'>⁴)</span> <span class='ocrx_word' id='word_1_234' title='bbox 453 3765 497 3827; x_wconf 76' lang='lat' dir='ltr'>,lt</span> <span class='ocrx_word' id='word_1_235' title='bbox 511 3763 636 3820; x_wconf 85' lang='lat' dir='ltr'>Velleius</span> <span class='ocrx_word' id='word_1_236' title='bbox 654 3764 827 3818; x_wconf 82' lang='lat' dir='ltr'>Paterculus</span> <span class='ocrx_word' id='word_1_237' title='bbox 865 3762 915 3817; x_wconf 84' lang='lat' dir='ltr'>nin</span> <span class='ocrx_word' id='word_1_238' title='bbox 936 3761 1053 3831; x_wconf 82' lang='lat' dir='ltr'>Beitrag</span> <span class='ocrx_word' id='word_1_239' title='bbox 1072 3778 1121 3817; x_wconf 83' lang='lat' dir='ltr'>aur</span> <span class='ocrx_word' id='word_1_240' title='bbox 1140 3761 1294 3817; x_wconf 77' lang='lat' dir='ltr'>romischen</span> <span class='ocrx_word' id='word_1_241' title='bbox 1312 3761 1450 3816; x_wconf 88' lang='lat' dir='ltr'>Historio-</span> 
     </span>
     <span class='ocr_line' id='line_1_31' title="bbox 333 3851 1291 3923; baseline -0.006 -15"><span class='ocrx_word' id='word_1_242' title='bbox 333 3853 455 3923; x_wconf 84' lang='lat' dir='ltr'>grephie&#39;</span> <span class='ocrx_word' id='word_1_243' title='bbox 474 3853 503 3908; x_wconf 92' lang='lat' dir='ltr'>in</span> <span class='ocrx_word' id='word_1_244' title='bbox 521 3855 591 3910; x_wconf 87' lang='lat' dir='ltr'>Mus.</span> <span class='ocrx_word' id='word_1_245' title='bbox 611 3853 722 3908; x_wconf 88' lang='lat' dir='ltr'>Helvet.</span> <span class='ocrx_word' id='word_1_246' title='bbox 760 3851 977 3920; x_wconf 74' lang='lat' dir='ltr'>llllrauenseld.</span> <span class='ocrx_word' id='word_1_247' title='bbox 998 3853 1076 3920; x_wconf 88' lang='grc'>1837)</span> <span class='ocrx_word' id='word_1_248' title='bbox 1096 3869 1122 3920; x_wconf 89' lang='lat' dir='ltr'>p.</span> <span class='ocrx_word' id='word_1_249' title='bbox 1142 3853 1291 3906; x_wconf 81' lang='lat'>133-180.</span> 
     </span>
    </p>

    <p class='ocr_par' dir='ltr' id='par_1_9' title="bbox 325 3939 1450 4278">
     <span class='ocr_line' id='line_1_32' title="bbox 413 3939 1450 4012; baseline -0.004 -14"><span class='ocrx_word' id='word_1_250' title='bbox 413 3944 433 4010; x_wconf 84' lang='lat'>⁵)</span> <span class='ocrx_word' id='word_1_251' title='bbox 454 3942 515 4012; x_wconf 85' lang='lat' dir='ltr'>Qua</span> <span class='ocrx_word' id='word_1_252' title='bbox 533 3942 646 3998; x_wconf 75' lang='lat' dir='ltr'>&#39;ratione</span> <span class='ocrx_word' id='word_1_253' title='bbox 665 3941 695 3996; x_wconf 80' lang='grc' dir='ltr'>Τ.</span> <span class='ocrx_word' id='word_1_254' title='bbox 715 3941 788 3997; x_wconf 88' lang='lat' dir='ltr'>Livii</span> <span class='ocrx_word' id='word_1_255' title='bbox 807 3941 949 3996; x_wconf 89' lang='lat' dir='ltr'>annalibus</span> <span class='ocrx_word' id='word_1_256' title='bbox 971 3939 1014 3995; x_wconf 90' lang='lat' dir='ltr'>usi</span> <span class='ocrx_word' id='word_1_257' title='bbox 1038 3939 1092 3996; x_wconf 91' lang='lat' dir='ltr'>sint</span> <span class='ocrx_word' id='word_1_258' title='bbox 1112 3939 1237 3995; x_wconf 89' lang='lat' dir='ltr'>historici</span> <span class='ocrx_word' id='word_1_259' title='bbox 1255 3939 1347 3994; x_wconf 84' lang='lat' dir='ltr'>Latini</span> <span class='ocrx_word' id='word_1_260' title='bbox 1368 3944 1450 4006; x_wconf 86' lang='lat' dir='ltr'>atque</span> 
     </span>
     <span class='ocr_line' id='line_1_33' title="bbox 334 4031 896 4101; baseline -0.004 -15"><span class='ocrx_word' id='word_1_261' title='bbox 334 4031 442 4086; x_wconf 86' lang='lat' dir='ltr'>Graeci.</span> <span class='ocrx_word' id='word_1_262' title='bbox 480 4031 728 4101; x_wconf 79' lang='lat' dir='ltr'>Gottingaelssssl.</span> <span class='ocrx_word' id='word_1_263' title='bbox 757 4048 783 4099; x_wconf 91' lang='lat' dir='ltr'>p.</span> <span class='ocrx_word' id='word_1_264' title='bbox 804 4033 838 4084; x_wconf 90' lang='lat'>10</span> <span class='ocrx_word' id='word_1_265' title='bbox 857 4047 896 4098; x_wconf 88' lang='lat' dir='ltr'>sq.</span> 
     </span>
     <span class='ocr_line' id='line_1_34' title="bbox 325 4113 1450 4188; baseline -0.004 -13"><span class='ocrx_word' id='word_1_266' title='bbox 325 4113 326 4116; x_wconf 28' lang='lat'>¹</span> <span class='ocrx_word' id='word_1_267' title='bbox 413 4121 433 4188; x_wconf 79' lang='grc'>6)</span> <span class='ocrx_word' id='word_1_268' title='bbox 452 4121 496 4175; x_wconf 89' lang='lat' dir='ltr'>De</span> <span class='ocrx_word' id='word_1_269' title='bbox 514 4121 552 4175; x_wconf 85' lang='lat' dir='ltr'>lli.</span> <span class='ocrx_word' id='word_1_270' title='bbox 571 4119 662 4175; x_wconf 86' lang='lat' dir='ltr'>Vellei</span> <span class='ocrx_word' id='word_1_271' title='bbox 683 4119 827 4174; x_wconf 87' lang='lat' dir='ltr'>Paterculi</span> <span class='ocrx_word' id='word_1_272' title='bbox 854 4120 907 4175; x_wconf 91' lang='lat' dir='ltr'>fide</span> <span class='ocrx_word' id='word_1_273' title='bbox 935 4117 1298 4174; x_wconf 77' lang='lat' dir='ltr'>historicacommentatio.</span> <span class='ocrx_word' id='word_1_274' title='bbox 1340 4117 1450 4186; x_wconf 84' lang='lat' dir='ltr'>Lipsiae</span> 
     </span>
     <span class='ocr_line' id='line_1_35' title="bbox 335 4212 1437 4278; baseline -0.003 -15"><span class='ocrx_word' id='word_1_275' title='bbox 335 4213 411 4264; x_wconf 83' lang='grc'>1862.</span> <span class='ocrx_word' id='word_1_276' title='bbox 443 4228 467 4278; x_wconf 93' lang='lat' dir='ltr'>p.</span> <span class='ocrx_word' id='word_1_277' title='bbox 489 4212 521 4264; x_wconf 92' lang='lat' dir='ltr'>ll</span> <span class='ocrx_word' id='word_1_278' title='bbox 541 4227 599 4277; x_wconf 87' lang='lat' dir='ltr'>sqq.</span> <span class='ocrx_word' id='word_1_279' title='bbox 1421 4212 1437 4228; x_wconf 70' lang='lat'><em>²</em></span> 
     </span>
    </p>
   </div>
   <div class='ocr_carea' id='block_1_6' title="bbox 0 0 1644 5284">
    <p class='ocr_par' dir='ltr' id='par_1_10' title="bbox 0 0 1644 5284">
     <span class='ocr_line' id='line_1_36' title="bbox 0 0 1644 5284; baseline 0 0"><span class='ocrx_word' id='word_1_280' title='bbox 0 0 1644 5284; x_wconf 95' lang='lat' dir='ltr'> </span> 
     </span>
    </p>
   </div>
  </div>
 </body>
</html>
