3266 5292
794 523 1013 582 ,20-

425 691 516 750 Aliud
537 707 607 750 vcro
629 690 822 750 Cornelianaa
842 691 1013 751 eruditionis
1034 711 1140 768 genus,
1171 695 1202 752 ni
1223 694 1318 765 fallor,
1341 713 1377 754 aa
1392 699 1462 770 'pro-

346 799 428 868 dunt,
461 815 535 871 quac
567 799 603 856 de
634 797 773 858 aedificiis
803 800 1056 873 monumentisque
1089 801 1214 875 publicis
1239 802 1322 862 urbis
1348 803 1462 863 Romae

345 906 484 978 antiquae
501 905 677 976 referuntur,
699 905 791 964 veluti
810 905 846 964 de
859 906 1022 980 porticibus
1036 905 1060 966 I.
1078 904 1151 966 11.3
1166 925 1184 965 a
1197 909 1329 979 Metello,
1352 908 1462 970 H.1.2

345 1030 365 1070 a
385 1011 521 1086 Scipione
542 1013 654 1071 Nasica
678 1016 710 1070 00
731 1011 785 1071 On.
802 1012 937 1083 Octavio,
959 1013 1000 1071 11.
1016 1011 1076 1072 8.3
1097 1031 1116 1072 0
1136 1014 1265 1074 Minucio
1288 1019 1460 1088 exstructis

344 1119 369 1178 1.
385 1116 462 1178 lea
484 1118 519 1178 dc
534 1119 630 1178 Cassii
650 1120 778 1178 theatro.
807 1119 865 1178 His
879 1120 955 1178 enim
970 1123 1059 1194 atquc
1073 1122 1194 1193 talibus
1217 1140 1292 1196 quae
1307 1123 1460 1184 Cornelius

344 1231 450 1301 postca
473 1227 560 1285 iustis
582 1225 811 1300 ,Exemplorum'
836 1227 919 1285 libris
945 1227 1112 1301 explicavit,
1142 1246 1208 1288 cum
1233 1230 1292 1288 iam
1311 1231 1342 1288 in
1362 1233 1460 1305 priore

345 1351 432 1408 opere
453 1335 662 1408 chronologico
683 1351 737 1406 pro
757 1334 876 1408 ingenio
898 1351 951 1392 suo
974 1335 1083 1408 aliquid
1102 1353 1190 1394 curae
1204 1337 1382 1411 impendisse
1397 1340 1460 1398 veri

344 1443 437 1502 simile
469 1445 524 1500 est.
571 1439 632 1499 Sed
651 1441 784 1500 Velleius
816 1458 881 1499 cum
911 1441 985 1500 haec
1015 1443 1175 1500 inseruerit
1205 1445 1289 1502 velut
1319 1447 1459 1518 antiquae

344 1548 551 1622 simplicitate,
573 1547 701 1606 recentis
721 1549 856 1607 luxuriae
877 1549 1019 1622 exempla,
1043 1549 1146 1608 eodem
1168 1550 1297 1610 fortasse
1318 1569 1356 1609 ex
1376 1553 1459 1612 fonte

344 1657 430 1731 petiit
450 1655 688 1714 narratiunculas
709 1655 852 1728 quasdam
872 1673 907 1714 eo
928 1657 1049 1715 consilio
1070 1657 1187 1728 allatas,
1210 1661 1245 1716 ut
1264 1675 1335 1717 suae
1350 1661 1458 1719 aetatis

344 1763 473 1822 moribus
499 1763 571 1820 luxu
596 1762 719 1836 perditis
744 1763 931 1821 severissima
955 1764 1098 1822 maiorum
1122 1764 1262 1822 instituta
1287 1751 1457 1839 opponeret.

345 1870 435 1929 Ouios
466 1869 585 1944 generis
617 1869 759 1942 optimum
794 1886 866 1928 sanc
897 1870 1062 1943 exemplum
1094 1870 1186 1929 habes
1217 1870 1257 1929 H.
1285 1869 1376 1943 10.1,
1409 1873 1458 1932 ubi

344 1978 505 2036 severitate
541 1993 695 2035 censorum
726 1975 822 2034 Oassii
853 1976 983 2050 Longini
1014 1976 1228 2050 Caepionisque
1258 1984 1376 2050 notata,
1409 1982 1459 2054 qui

345 2089 461 2144 centum
482 2083 696 2158 quinquaginta
721 2073 821 2141 tribus'
838 2084 922 2142 annis
943 2088 1013 2142 ante
1034 2084 1143 2143 Vinicii
1158 2086 1350 2144 consulatum
1370 2088 1458 2160 Lepi·

344 2193 412 2251 dum
438 2207 580 2266 augurem
607 2191 644 2249 ob
669 2190 757 2248 aedes
778 2208 832 2249 sex
852 2187 968 2249 milibus
990 2189 1065 2249 HS.
1088 2191 1253 2250 conductas
1276 2193 1305 2251 in
1326 2193 1466 2253 iudicium

342 2303 512 2368 traxerunt,
539 2298 578 2356 ad
603 2314 688 2356 suum
714 2301 831 2371 tempus
855 2298 1015 2370 respiciens
1042 2297 1140 2364 addit:
1169 2302 1212 2368 ,et
1237 2299 1263 2358 si
1288 2300 1353 2372 quis
1379 2301 1466 2360 hodie

342 2407 420 2465 tanti
439 2405 565 2475 habitet,
591 2405 642 2464 vix
667 2410 701 2462 ut
726 2409 846 2463 senator
867 2402 1059 2479 agnoscitur?
1106 2406 1204 2479 Quam
1225 2407 1341 2480 quidem
1361 2425 1465 2467 narra-

343 2513 504 2572 tiunculam
539 2513 596 2570 nisi
632 2530 669 2570 ex
704 2511 848 2570 chronicis
879 2511 961 2569 libris
991 2511 1113 2570 fluxisse
1148 2517 1265 2584 statuo,
1296 2514 1465 2588 intelligere

344 2638 465 2694 nequae,
493 2637 546 2678 our
570 2619 612 2678 rei
638 2623 701 2677 tam
726 2619 868 2692 parvulae
894 2620 1035 2692 temporis
1060 2619 1243 2679 notationem
1266 2621 1463 2693 'subiunxcrit

343 2729 374 2786 id
394 2727 472 2801 quod
496 2727 553 2785 nisi
577 2727 607 2785 in
632 2726 817 2800 gravissimis
842 2725 930 2784 iactis
952 2727 989 2784 ad
1010 2726 1220 2800 rempublicam
1244 2729 1462 2804 pertinentibus

343 2851 502 2908 numquam
523 2834 586 2892 iere
606 2833 670 2891 fieri
691 2834 777 2891 solet.

423 2943 537 3025 Verum
568 2958 605 2999 ne
636 2941 701 3013 quis
727 2941 902 2999 coniecturis
931 2941 1017 2999 nimis
1041 2958 1088 2998 me
1115 2941 1269 3016 indulgere
1296 2941 1388 3012 dicat,
1416 2943 1463 3002 his

344 3050 445 3123 paucis
471 3049 656 3122 acquiescere
681 3048 758 3118 volo,
780 3065 834 3105 nec
854 3064 925 3107 vero
947 3048 1051 3117 omnia,
1074 3065 1149 3120 quac
1171 3048 1286 3121 Nepoti
1308 3048 1462 3120 debentur,

344 3157 521 3229 investigari
546 3172 633 3229 posse
658 3172 711 3228 per
736 3171 768 3212 00
794 3155 905 3213 clarum
931 3159 986 3212 000.
1028 3154 1196 3214 Contentus
1226 3155 1358 3228 equidem
1388 3173 1461 3227 sum,

345 3265 371 3322 si
390 3263 461 3322 mihi
482 3263 659 3332 conceditur,
681 3262 711 3320 id
732 3261 809 3334 quod
823 3263 897 3320 satis
911 3279 958 3319 mc
971 3262 1146 3334 probavisse
1163 3279 1260 3335 spero,
1275 3263 1305 3320 in
1319 3263 1462 3322 Romanis

345 3388 458 3444 quoque
480 3369 569 3428 robus
591 3369 762 3428 enarrandis
784 3370 863 3426 ultra
883 3369 1040 3426 terminum
1064 3385 1081 3426 a
1103 3367 1232 3442 Sauppio
1247 3370 1375 3443 positum
1390 3387 1461 3429 non·

343 3479 424 3537 nulla
455 3495 492 3536 ex
524 3477 669 3535 chronicis
694 3476 752 3534 illis
773 3477 917 3535 arcessita
938 3491 1012 3534 esse.
1055 3476 1138 3549 Quae
1160 3481 1306 3548 quatenus
1327 3477 1461 3535 adhibita

344 3586 412 3654 sint,
439 3602 496 3643 non
523 3583 619 3642 habeo
647 3584 751 3653 dicero,
773 3583 948 3656 praesertim
970 3600 1035 3640 cum
1056 3600 1094 3642 ne
1115 3584 1173 3642 hoc
1195 3583 1311 3656 quidem
1333 3587 1459 3653 constet,

344 3709 400 3765 quo
432 3708 508 3749 anno
533 3692 634 3764 Nepos
663 3690 755 3749 libros
785 3707 854 3749 suos
881 3689 1046 3766 ediderit²⁹)
1074 3707 1218 3763 quemque
1241 3691 1278 3748 ad
1302 3692 1460 3748 terminum

343 3816 440 3858 rerum
470 3799 640 3857 memoriam
670 3799 700 3855 in
730 3798 767 3856 iis
797 3797 979 3871 produxerit.
1026 3797 1136 3855 Tamen
1169 3815 1225 3870 quo
1247 3772 1400 3870 'copiosior
1425 3797 1461 3855 fit

424 3961 459 4026 ²⁹)
482 3958 598 4027 Aliquot
622 3956 698 4012 annis
723 3962 787 4012 ante
812 3959 864 4010 700
886 3974 912 4010 u.
929 3972 952 4010 c.
976 3957 1021 4024 (54
1040 3973 1056 4010 0
1075 3956 1151 4026 (ihr.)
1177 3973 1224 4012 000
1248 3956 1402 4011 innotuisse
1426 3973 1461 4010 ex

343 4047 433 4106 verbis
458 4047 561 4109 Catulli
586 4050 649 4101 1.5:
680 4045 755 4112 ,iam
781 4050 861 4106 tum,
890 4062 959 4100 cum
987 4062 1069 4100 ausus
1094 4062 1123 4100 cs
1142 4062 1212 4101 unus
1230 4046 1364 4100 Italorum
1385 4045 1460 4098 ....’

344 4137 526 4207 cognoscitur.
538 4136 605 4191 Lud
613 4134 741 4190 ovicum
752 4134 1157 4203 Schwabium(Quacstioues
1166 4133 1348 4191 Catullianae.
1360 4133 1459 4190 Gissae

345 4230 413 4281 1802
432 4245 457 4295 p.
469 4229 533 4295 295)
553 4225 577 4281 si
596 4223 742 4292 sequimur,
762 4224 924 4293 prodierunt
937 4223 1014 4279 intra
1027 4241 1112 4279 annos
1126 4228 1177 4279 687
1189 4245 1214 4269 =
1225 4227 1259 4278 67
1273 4227 1303 4278 00
1315 4226 1368 4277 000
1379 4245 1404 4268 =
1416 4226 1458 4276 04.
