3266 5292
822 515 1044 574 „14-

372 683 570 757 componendo
598 690 717 742 secutus
743 685 871 743 ridetur.
913 686 1016 758 Atque
1041 686 1097 744 hae
1122 687 1151 744 in
1177 704 1210 745 re
1237 687 1416 747 dissentiunt
1442 707 1497 748 vrri

372 790 461 860 docti,
488 808 610 863 quorum
638 791 735 863 aliqui,
759 791 849 850 veluti
870 792 982 850 Kaiser
1002 793 1021 850 l.
1040 793 1059 850 l.
1080 810 1108 866 p.
1130 789 1176 864 10,
1204 811 1269 852 eum
1295 795 1386 868 copiis
1408 802 1497 854 antea

370 913 429 954 non
450 898 581 956 collectis
603 897 641 955 ad
661 898 814 956 historiam
836 898 1020 957 scribendam
1051 899 1213 959 accessisse
1244 905 1363 974 putant,
1395 901 1496 976 plures

370 1007 479 1074 tamen,
509 1003 601 1062 veluti
626 1004 760 1062 Kritzius
786 1004 890 1078 (praef.
915 1024 944 1079 p.
972 1005 1050 1063 XVI
1076 1008 1133 1083 sq.)
1159 1011 1191 1065 et
1215 1007 1396 1082 Helbingius
1422 1009 1494 1082 (1.1.

370 1128 399 1184 p·.
420 1108 452 1186 9)
474 1115 512 1181 et,
535 1111 583 1183 qui
605 1113 799 1185 gravissimus
820 1117 876 1181 est,
899 1113 1075 1189 Rankius20)
1097 1131 1135 1172 ex
1155 1114 1270 1187 paratis
1292 1115 1409 1174 auxiliis
1430 1133 1494 1174 eum

369 1217 476 1276 librum
496 1235 581 1276 suum
603 1218 813 1292 conscripsisse
834 1219 993 1278 affirmant.
1026 1220 1139 1293 Quibus
1155 1221 1288 1294 equidem
1304 1224 1493 1282 assenserim.

369 1324 480 1383 Hercle
512 1325 588 1383 enim
620 1326 737 1383 omnino
768 1325 938 1384 incredibile
970 1333 1017 1386 est
1047 1327 1193 1387 Velleium
1223 1329 1378 1388 historiam
1410 1347 1491 1389 suam

370 1434 459 1489 tanta
489 1448 587 1489 rerum
619 1433 702 1505 copia
727 1449 762 1490 ao
782 1433 929 1492 varietate
956 1433 1126 1494 distinctam
1148 1452 1201 1493 sex
1232 1436 1382 1494 mensibus
1404 1471 1442 1478 -
1462 1437 1493 1494 id

371 1538 448 1610 quod
472 1537 551 1596 inter
582 1555 683 1597 omnes
709 1542 829 1597 constat
849 1573 888 1581 ——
910 1540 1053 1599 conficere
1074 1542 1208 1614 potuisse
1228 1542 1316 1602 nullis
1337 1542 1493 1616 praesidiis

371 1643 513 1714 adiutum,
536 1645 588 1704 sed
610 1645 653 1703 ita
673 1645 743 1714 fere,
766 1650 801 1703 ut
821 1646 955 1721 singulas
976 1665 1025 1706 res
1039 1648 1198 1706 multorum
1212 1650 1241 1707 in
1256 1649 1340 1708 libris
1354 1650 1492 1709 disiectas

370 1757 401 1809 et
432 1751 590 1825 dissipatas
617 1753 705 1810 aliam
735 1761 805 1826 post
836 1753 924 1810 aliam
949 1771 1027 1812 nuno
1058 1772 1095 1812 ex
1116 1755 1173 1813 hoe
1193 1773 1271 1814 nune
1292 1773 1329 1814 ex
1354 1757 1403 1814 illo
1426 1774 1492 1814 con-

369 1858 500 1930 quireret
530 1863 620 1932 atque
640 1860 669 1916 in
694 1877 747 1917 sua
779 1860 886 1918 serinia
919 1861 1145 1919 transcriberet:
1178 1879 1226 1920 res
1257 1862 1389 1920 immensi
1421 1879 1492 1920 sane

369 1965 466 2038 operis
493 1982 624 2038 quaeque
650 1970 713 2025 tam
738 1967 821 2025 brevi
845 1971 978 2041 tempore
1008 1968 1088 2025 nullo
1120 1969 1205 2026 modo
1227 1971 1347 2041 poterat
1368 1969 1490 2028 absolvi.

369 2071 461 2129 Immo
483 2088 553 2130 vero
576 2073 676 2146 copias
698 2072 811 2145 aliquas
832 2073 862 2130 in
883 2078 1021 2147 promptu
1043 2074 1315 2134 habueritncccsse
1330 2080 1385 2144 est,
1408 2093 1490 2148 quae,

369 2183 528 2252 antequam
560 2180 597 2237 ad
629 2180 815 2239 scribendum
847 2181 1073 2254 aggrederetur,
1106 2199 1203 2240 rerum
1229 2183 1431 2241 Romanarum
1461 2184 1491 2240 in

372 2286 471 2345 studio
498 2291 635 2345 versatus
661 2292 713 2345 aut
737 2288 800 2360 ipse
826 2287 881 2345 sibi
907 2293 1130 2361 comparaverat
1154 2293 1207 2347 ant
1231 2323 1270 2330 —
1297 2288 1372 2362 qnod
1394 2291 1491 2364 magis

368 2392 457 2451 etiam
472 2410 537 2450 oum
551 2393 669 2467 ingenio
685 2393 747 2452 eius
762 2394 908 2468 congruit,
925 2412 990 2452 curn
1003 2395 1038 2453 de
1049 2395 1176 2454 assiduis
1186 2396 1279 2468 ipsius
1291 2396 1398 2454 studiis
1410 2395 1490 2454 dnbi-

368 2503 434 2558 tare
447 2500 536 2558 liceat
550 2532 589 2541 -
603 2499 678 2559 alins
692 2501 868 2573 nescioquis
882 2500 909 2558 ei
930 2501 1180 2574 suppeditaverat.
1217 2500 1267 2560 Sic
1282 2504 1358 2561 enim
1373 2481 1489 2576 saepius

368 2611 485 2666 veteres
506 2607 667 2679 scriptores
688 2607 837 2665 volumina
864 2625 918 2666 sua
943 2625 1084 2667 exarasse
1104 2609 1365 2668 luculentissimum
1388 2614 1490 2668 exstat

368 2711 501 2772 Suetonii
512 2713 721 2784 testimonium,
734 2715 783 2790 qui
795 2715 866 2773 dicit
878 2715 914 2773 de
925 2720 1083 2788 grammat.
1097 2712 1136 2774 10
1145 2733 1174 2789 p.
1186 2713 1244 2774 107
1254 2717 1318 2775 Rt:
1332 2716 1365 2774 Ο.
1378 2715 1488 2775 Sallus·

366 2821 450 2890 tium,
468 2820 622 2878 historiam
637 2837 811 2894 componere
826 2822 1002 2896 adgressum
1018 2823 1055 2880 ab
1070 2823 1160 2881 Ateio
1176 2823 1374 2882 Praetextato
1388 2823 1488 2882 Philo·

366 2928 437 3001 logo
452 2927 598 2986 breviario
610 2944 708 2986 rerum
719 2929 846 2986 omnium
858 2928 1067 2997 Romanarum,
1079 2929 1156 2987 unde
1168 2947 1241 3002 quas
1251 2931 1343 2988 vellet
1353 2930 1486 3004 eligeret,

365 3035 544 3092 instructum
566 3051 641 3096 esse.
672 3036 775 3108 Atque
796 3035 852 3094 hoc
873 3035 950 3094 idem
971 3036 1106 3102 officium,
1129 3036 1206 3108 quod
1222 3036 1326 3094 doctus
1340 3037 1388 3094 ille
1402 3021 1488 3095 liber·

364 3141 445 3199 tinus
477 3139 628 3212 Sallustio,
664 3141 743 3200 haud
778 3143 838 3200 seio
873 3160 909 3201 an
942 3143 1056 3201 Velleio
1089 3160 1126 3202 ex
1160 3142 1352 3202 familiaribus
1383 3144 1488 3216 aliquis

365 3247 549 3321 praestiterit
580 3248 628 3306 rel
659 3266 696 3307 ex
728 3249 822 3308 servis
843 3249 995 3320 litteratis,
1018 3267 1090 3322 quos
1119 3251 1211 3308 multo
1239 3252 1305 3324 plus
1334 3267 1487 3324 operarum

365 3355 513 3414 veteribus
538 3355 709 3428 praebuisse
731 3361 843 3414 certum
870 3361 926 3426 est,
957 3374 1042 3429 quam
1069 3357 1156 3416 hodie
1177 3358 1264 3416 docto
1285 3359 1348 3416 viro
1370 3359 1407 3416 ab
1428 3358 1487 3415 ullo

364 3479 500 3534 umquam
523 3462 687 3521 studiorum
708 3463 787 3522 socio
807 3463 854 3521 vel
873 3463 1007 3522 ministro
1022 3464 1157 3538 praeberi
1172 3464 1299 3540 soleam)
1332 3463 1382 3523 Sic
1394 3466 1488 3539 igitur

364 3568 531 3627 instructus
563 3569 699 3642 quoniam
721 3571 833 3630 Noster
864 3571 943 3628 inter
974 3565 1159 3630 scribendum
1191 3571 1289 3631 fontes
1320 3573 1400 3645 ipsos
1429 3589 1487 3630 non

364 3675 502 3748 inspexit,
525 3676 587 3746 sed,
613 3693 688 3749 qnae
709 3676 777 3736 inde
799 3682 941 3750 excerpta
963 3679 989 3737 ci
1010 3683 1129 3751 praesto
1151 3682 1245 3747 crant,
1268 3679 1298 3736 in
1311 3678 1403 3736 libros
1418 3695 1487 3736 snos

446 3865 481 3930 20)
501 3863 518 3917 l.
538 3863 556 3916 l.
575 3880 601 3931 p.
621 3865 687 3916 267:
716 3863 816 3926 ,Wenn
840 3881 902 3916 nra-n
927 3863 974 3918 das
999 3863 1090 3918 kleine
1110 3865 1187 3918 Bnch
1210 3881 1260 3919 znr
1279 3864 1359 3918 Hand
1382 3862 1487 3928 nimmt,

363 3949 398 4007 so
413 3952 485 4007 lehrt
511 3953 560 4007 der
578 3951 787 4020 Augcnschein,
812 3952 875 4006 dass
894 3951 1019 4007 Velleius
1038 3953 1221 4014 Materialien,
1246 3952 1289 4007 die
1311 3951 1367 4008 ihm
1385 3951 1488 4007 bereits

364 4041 507 4110 rorlcgon,
528 4041 607 4096 dorin
627 4042 898 4096 zusammenstellte.'

443 4130 522 4199 21)(11.
536 4130 712 4184 alfredum
726 4130 758 4184 de
773 4130 975 4186 Gutsohmid
995 4131 1022 4186 in
1036 4131 1145 4196 ,Kleine
1159 4131 1308 4186 Schriften'
1323 4131 1375 4200 (ed.
1390 4132 1487 4188 Prono.

365 4219 509 4288 Ruchlins)
528 4220 582 4274 rol.
600 4219 622 4273 Ι.
643 4219 753 4288 Lipsiae
774 4222 851 4274 1889.
883 4239 908 4288 p.
929 4223 963 4274 12
982 4237 1020 4289 sq.
