3266 5292
603 508 824 567 ...25-

740 677 876 735 elisarum
898 677 1026 734 faucium
1046 677 1075 735 in
1097 677 1211 734 cervice
1230 693 1273 734 re·
1302 661 1303 664 ¹

740 782 906 857 perirentur
926 787 1024 841 notae.
1059 780 1087 842 6.
1103 782 1156 841 De
1177 783 1274 840 tanti

740 890 809 948 viri
850 894 964 948 morte
1004 891 1104 948 nulla
1148 889 1275 948 habita

741 1004 798 1054 est
818 996 983 1070 quaestio
1016 997 1157 1070 eiusque
1195 1013 1275 1054 cor-

739 1121 803 1178 pus
838 1104 960 1161 velato
987 1103 1105 1177 capite
1142 1104 1275 1161 elatum

711 1216 715 1289 l
741 1217 798 1268 est
819 1255 825 1268 .
848 1255 855 1268 .
879 1254 885 1267 .
910 1255 916 1268 .

234 1317 292 1376 His
317 1317 411 1392 igitur
435 1318 508 1376 locis
542 1317 621 1376 inter
646 1334 678 1375 se
705 1318 821 1376 collatis
851 1317 908 1375 nisi
940 1317 989 1390 qui
1020 1317 1106 1374 valde
1137 1318 1276 1391 pertinax

155 1424 245 1483 fuerit
275 1423 409 1482 dubitare
441 1425 564 1483 desinet.
606 1424 791 1498 Quamquam
823 1424 899 1482 enim
930 1424 1016 1483 modo
1047 1425 1095 1482 hic
1119 1423 1206 1483 modo
1226 1425 1276 1482 ille

156 1532 290 1606 singulas
310 1548 358 1589 res
380 1532 546 1590 accuratius
572 1536 698 1601 enarrat,
731 1536 830 1589 tamen
851 1531 963 1589 Noster
989 1535 1106 1590 tantum
1132 1531 1218 1590 abest
1241 1535 1277 1590 ut

155 1639 283 1697 Auctori
305 1638 340 1696 de
360 1633 415 1696 vir.
436 1638 477 1696 ill.
498 1641 654 1712 repugnet,
686 1642 721 1696 ut
742 1655 808 1697 eum
834 1639 969 1712 supplere
994 1639 1131 1698 videatur
1162 1643 1193 1697 et
1212 1639 1277 1697 vice

155 1761 251 1804 uersa.
292 1744 399 1819 Itaque
421 1762 485 1804 cum
506 1761 600 1818 neque
622 1744 739 1803 dubium
761 1745 809 1815 sit,
833 1745 902 1818 quin
923 1750 1048 1819 uterque
1063 1747 1185 1805 eundem
1208 1751 1277 1805 ante

157 1853 257 1911 oculos
277 1852 414 1910 habuerit
435 1853 617 1926 scriptorem,
645 1856 676 1910 et
696 1856 786 1925 caput
805 1852 878 1910 illud
899 1849 940 1911 68
961 1852 997 1910 de
1018 1854 1072 1911 vir.
1094 1853 1134 1912 ill.
1156 1871 1194 1912 ex
1214 1854 1278 1911 vita

158 1960 282 2032 quadam
303 1959 438 2018 Africani
470 1963 641 2032 excerptum
672 1958 720 2029 sit,
753 1958 905 2032 probabile
937 1964 1145 2034 argumentum
1170 1964 1277 2018 nactus

157 2084 222 2125 esse
243 2067 313 2125 milri
333 2067 434 2125 videor
455 2069 567 2125 Nostro
589 2084 704 2140 quoque
725 2067 762 2124 ad
783 2083 887 2126 manus
908 2067 1000 2126 firisse
1021 2066 1112 2125 libros
1138 2067 1173 2126 de
1205 2068 1276 2126 viris

157 2172 331 2244 illustribus,
364 2191 450 2247 quos
481 2174 538 2231 hic
568 2174 645 2232 illic
672 2174 706 2232 in
738 2174 937 2233 subsidium
957 2191 1111 2233 vocasse
1131 2174 1277 2232 videtur

159 2281 371 2339 accuratiorem
391 2280 459 2338 inde
480 2282 625 2339 clarorum
645 2282 776 2340 virorum
796 2281 934 2340 notitiam
954 2281 1111 2356 petiturus.

236 2387 372 2462 Longius
397 2388 537 2462 progredi
562 2406 679 2460 vereor3
713 2389 778 2462 quis
810 2389 885 2447 enim
917 2391 1078 2448 communis
1109 2389 1157 2447 hic
1188 2388 1278 2447 fuerit

159 2499 271 2565 auctor,
292 2495 344 2553 vix
365 2495 421 2553 dici
442 2500 551 2569 potest.
594 2495 737 2570 Cogitare
757 2497 855 2570 possis
876 2496 912 2554 de
938 2495 1098 2554 Oornelii
1123 2495 1277 2569 Nepotis

159 2602 200 2660 de
229 2602 319 2661 viris
349 2602 558 2662 illustribus
589 2603 707 2673 libris,
740 2603 890 2661 commodo
918 2620 988 2661 sane
1008 2602 1123 2660 Velleio
1145 2603 1226 2660 fonte
1248 2607 1279 2659 et

158 2709 362 2791 chronicorum
376 2709 460 2782 quasi
475 2709 727 2785 supplemento.³¹)
758 2709 827 2767 Huc
842 2709 964 2780 accedit,
988 2709 1065 2783 quod
1078 2709 1277 2767 narrationem

160 2816 195 2874 de
215 2819 311 2877 morte
333 2813 486 2890 Scipionis,
509 2815 602 2888 qualis
624 2815 702 2889 apud
722 2817 868 2874 Nostrum
889 2820 921 2874 et
940 2818 1030 2875 Auct.
1052 2817 1087 2875 de
1101 2817 1155 2874 vir.
1170 2815 1277 2874 illustr.

160 2927 271 2992 exstat,
307 2923 429 2981 eandem
463 2922 555 2981 habet
589 2922 766 2981 scholiorum
801 2922 990 2981 Bobiensium
1026 2939 1100 2995 quae
1142 2922 1279 2981 dicuntur

161 3031 314 3106 auctoru),
335 3031 380 3088 ita
399 3035 435 3088 ut
455 3030 583 3088 fortasse
604 3031 683 3088 hunc
702 3047 816 3103 quoque
830 3031 908 3088 inter
922 3030 1102 3102 expilatores
1117 3031 1279 3088 communis

161 3136 277 3194 illorum
298 3137 389 3195 fontis
409 3153 563 3195 numerare
584 3136 681 3195 liceat.
725 3135 758 3194 Si
779 3139 877 3194 autem
892 3136 1053 3194 scholiasta
1071 3136 1129 3206 ille,
1152 3137 1230 3195 sicut
1249 3136 1280 3193 iu

162 3241 343 3303 Graecorum
364 3243 485 3302 ducibus
506 3243 690 3302 illustrandis
711 3244 773 3301 sine
795 3243 882 3301 dubio
904 3248 1024 3301 secutus
1046 3248 1093 3301 est
1113 3243 1281 3303 Cornelium

160 3349 356 3427 Nepotem³³p
385 3351 428 3408 ita
448 3350 478 3408 in
499 3350 641 3409 Romanis
663 3350 785 3409 ducibus
806 3351 929 3408 eundem
951 3350 1126 3421 adhibuerit,
1148 3351 1178 3408 id
1203 3351 1280 3423 quod

231 3555 273 3625 ¹⁸¹)
294 3554 327 3608 cf.
346 3555 581 3610 Mommscnum
598 3553 627 3609 in
645 3554 718 3610 Hist.
739 3556 818 3610 Rom.
837 3553 890 3608 Ill.
909 3572 935 3623 p.
956 3557 1009 3608 614
1021 3572 1060 3622 sq.

242 3661 275 3730 32)
294 3679 320 3730 p.
343 3664 395 3716 283
417 3662 478 3718 Oa:
500 3663 539 3724 ‚P.
554 3661 644 3731 Scipio
658 3660 847 3718 Aemilianus.
869 3702 874 3714 .
895 3704 900 3714 .
921 3703 928 3716 .
948 3662 1191 3731 repentinamortc
1210 3663 1282 3716 domi

164 3767 228 3806 suae
247 3751 415 3820 interceptus
434 3758 478 3807 est
497 3795 503 3806 .
525 3793 531 3804 .
550 3795 556 3808 .
579 3792 585 3804 .
604 3751 632 3806 in
651 3753 762 3821 eiusque
782 3751 904 3806 faucibus
919 3751 1037 3820 vestigio
1056 3750 1152 3806 livoris
1170 3751 1281 3806 inventa

163 3841 245 3895 aunt'
287 3841 366 3896 Adde
397 3841 468 3910 quod
491 3841 639 3897 scholiasta
662 3842 756 3898 eodem
782 3843 841 3896 loco
871 3846 992 3896 aetatem
1017 3838 1151 3909 Scipionis
1179 3871 1214 3880 -
1243 3841 1283 3896 nit

163 3929 247 3984 enirn:
277 3929 331 3997 ,qui
350 3931 469 3986 excessit
486 3931 544 3987 vito
564 3948 612 3986 sex
631 3937 660 3986 et
679 3930 875 4001 quinquaginta
894 3947 979 3984 annos
997 3931 1088 3985 natus’
1111 3961 1145 3970 -
1168 3930 1282 3985 eandem

164 4036 244 4090 quam
262 4019 367 4075 Noster
385 4019 401 4090 §
421 4024 437 4074 7
456 4020 566 4076 indicat.

203 4169 206 4174 .
244 4127 277 4196 ³³)
297 4129 330 4182 ci.
350 4128 518 4183 Orellium
536 4128 565 4182 in
585 4127 744 4184 editschol.
763 4146 789 4197 p.
800 4131 853 4182 312
866 4133 924 4182 not.
937 4131 962 4181 ὃ.
992 4127 1283 4182 mwoelfssinium

163 4215 192 4271 in
210 4215 337 4272 Bursian.
356 4218 456 4273 Annal.
475 4217 520 4272 III
540 4220 628 4287 11879)
647 4235 673 4286 p.
693 4220 753 4272 791.
