3266 5292
638 545 856 602 ,19-

188 716 304 776 (luobus
328 716 400 774 locis
427 714 518 774 fontis
545 713 590 772 sui
611 713 710 773 verbis
730 713 818 772 nimiis
838 713 995 772 inhaerens
1015 718 1136 788 praeter
1156 714 1308 773 Romanas

188 840 247 893 res,
269 821 338 896 quid
362 840 419 880 uno
446 822 605 894 eodemque
626 825 760 894 tempore
781 820 859 894 apud
882 819 1015 879 Graecos
1037 820 1185 892 acciderit,
1207 825 1307 881 notat:

190 929 404 990 Alexandriam
419 928 564 987 conditam
581 945 647 986 1111
662 945 697 986 11
710 927 775 1002 ipso
790 944 876 997 anuo,
893 945 949 1000 quo
963 927 1099 986 Fundani
1113 932 1146 986 et
1158 928 1309 988 Formiani

190 1038 220 1096 in
246 1035 396 1095 civitatem
422 1035 624 1110 reciperentur
647 1031 760 1111 (14.3),
794 1039 826 1093 11
852 1052 908 1107 quo
935 1051 1011 1092 anno
1039 1033 1210 1094 Sinuessam
1234 1034 1309 1093 Min·

192 1148 354 1216 turmasque
368 1143 463 1202 coloni
476 1142 558 1200 missi
569 1146 678 1211 essent,
695 1158 729 1200 eo
742 1142 892 1214 Pyrrhum
902 1158 1030 1216 regnare
1041 1142 1181 1216 coepisse.
1198 1138 1259 1215 (14.
1266 1138 1308 1218 6.)

192 1250 301 1310 Omnia
321 1255 429 1320 autem,
452 1266 527 1323 quae
547 1249 596 1307 hic
617 1249 653 1307 tle
674 1249 857 1323 temporibus
878 1248 1059 1308 coloniarum
1073 1247 1266 1308 deductarum
1278 1250 1310 1307 in

191 1375 281 1417 unam
306 1357 433 1432 speciem
460 1359 615 1414 contracta
640 1357 776 1430 legimus
803 1356 834 1413 in
855 1356 937 1415 fonte
958 1356 1049 1414 latins
1071 1355 1177 1414 diffusa
1197 1373 1233 1414 ac
1254 1355 1310 1414 dis·

191 1481 281 1539 persa
305 1464 397 1522 fuisse
420 1463 484 1537 ipse
511 1463 629 1521 disertis
650 1462 750 1521 verbis
770 1463 891 1521 indicat.
933 1462 1020 1521 Haec
1039 1463 1133 1537 igitur
1153 1463 1253 1536 capita
1274 1479 1311 1520 111

194 1571 322 1646 Nepotis
336 1571 482 1630 chronicis
497 1570 637 1643 decerpta
652 1587 717 1628 esse
731 1587 785 1643 pro
800 1574 883 1629 certo
897 1570 1007 1628 habere
1020 1587 1185 1643 possumus.
1210 1570 1311 1643 Atque

193 1679 297 1738 eodem
321 1677 477 1736 referenda
502 1677 654 1746 videntur,
681 1693 756 1749 quae
782 1677 818 1735 ‹le
844 1676 1026 1750 temporibus
1053 1683 1217 1746 oratorum,
1244 1693 1312 1750 poe·

195 1788 306 1854 tarum,
337 1784 515 1857 scriptorum
541 1783 598 1842 etsi
622 1783 809 1853 brevissime,
836 1788 936 1842 tamen
961 1784 1006 1841 ita
1030 1784 1160 1852 notavit,
1187 1789 1222 1841 ut
1246 1801 1312 1842 eum

196 1891 409 1950 accuratiorem
434 1890 581 1963 quandam
605 1890 742 1948 1111111111
773 1908 810 1949 ex
836 1890 920 1949 ionte
945 1890 1063 1948 haurire
1091 1891 1224 1963 potuisse
1249 1908 1313 1964 per·

196 1998 317 2072 spiciam
353 1997 479 2070 exempli
510 1997 611 2071 gratia
644 1996 863 2055 animadvertas
894 1997 991 2066 velim,
1025 2013 1100 2069 quae
1126 1997 1161 2054 de
1188 1995 1314 2056 Sisenna

195 2101 425 2176 cremonae:
448 2103 647 2173 ‚historiarum
668 2109 772 2162 auctor
792 2091 860 2161 ia'm
881 2109 953 2161 tum
972 2101 1097 2162 Sisenna
1111 2109 1177 2163 erat
1189 2105 1313 2174 iuvenis,

195 2211 249 2271 sed
276 2227 349 2285 opus
377 2211 447 2269 belli
473 2210 567 2268 civilis
592 2208 763 2282 Sullanique
794 2214 879 2284 post
909 2210 1050 2283 aliquot
1080 2227 1190 2270 annos
1217 2211 1254 2270 ab
1280 2228 1314 2270 ec

197 2319 311 2377 seniore
336 2317 447 2376 editum
468 2315 534 2387 est‚'
560 2316 610 2375 ubi
630 2317 711 2390 ipsas
734 2334 876 2376 annorum
897 2322 986 2376 notas
1006 2318 1036 2375 in
1058 2318 1140 2377 fonte
1162 2319 1315 2378 exstitisse

197 2424 383 2498 intelligitur.
426 2423 500 2482 (lum
531 2424 578 2482 his
604 2428 703 2482 autem
731 2425 757 2482 si
782 2425 957 2495 contuleris,
990 2441 1064 2497 quae
1088 2425 1167 2483 inira
1192 2442 1256 2499 cap.
1275 2422 1316 2484 36

198 2531 299 2591 ecdem
320 2530 406 2590 modo
429 2531 465 2588 de
487 2531 681 2590 eminentibus
702 2532 875 2605 posterioris
896 2533 1005 2590 aetatis
1022 2532 1150 2606 ingeniis
1163 2533 1313 2608 leguntur,

197 2643 333 2713 tempora
363 2637 403 2696 ibi
433 2638 526 2696 multo
558 2638 654 2696 minus
686 2642 824 2696 accurate
848 2643 956 2697 notata
979 2639 1119 2710 invenies,
1147 2639 1223 2712 quod
1248 2639 1316 2698 inde

200 2744 312 2804 iactum
332 2762 407 2814 1111,
429 2749 464 2803 11
484 2745 566 2804 fonte
587 2761 640 2802 suo
662 2745 720 2802 iam
743 2745 904 2804 destitutus
925 2747 1034 2819 partim
1053 2746 1223 2804 ememoria
1235 2745 1316 2805 illam

201 2852 450 2911 enumerationem
476 2851 642 2921 conficeret,
669 2855 751 2909 recte
776 2851 888 2909 iudicat
912 2853 1031 2911 Kaiser.
1057 2852 1088 2926 (l.
1099 2854 1118 2910 l.
1134 2870 1163 2926 p.
1175 2849 1236 2929 24.)
1257 2853 1317 2911 Ar·

199 2959 350 3033 gumentis
375 2962 484 3028 autem,
512 2957 617 3031 quibus
643 2958 693 3015 ille
719 2975 771 3031 pro
797 2958 904 3016 Attico
930 2959 1033 3029 utitur,
1060 2961 1089 3018 in
1115 2976 1211 3017 meum
1231 2976 1317 3018 usum

201 3066 350 3124 conversis
371 3066 445 3124 haec
459 3066 569 3139 Nepoti
590 3065 721 3124 tribuere
734 3082 794 3123 non
809 3065 919 3135 dubito,
942 3065 1048 3139 quippe
1063 3067 1155 3138 quiin
1170 3066 1316 3126 chronicis

200 3172 262 3230 suis
275 3172 433 3231 illustrium
442 3173 572 3230 virorum
583 3176 699 3231 aetates
712 3189 826 3231 necnon
836 3172 956 3246 ingenio
967 3172 1107 3231 nobilium
1117 3173 1317 3250 notaverit.²⁸)

199 3278 306 3352 Itaque
327 3280 353 3338 si
373 3278 506 3337 Velleius
526 3276 645 3338 Ι.16.4
665 3279 799 3350 miratus,
829 3278 906 3352 quod
928 3279 1158 3339 eminentissima
1178 3281 1318 3352 cuiusque

201 3386 393 3460 professionis
412 3386 534 3460 ingenia
552 3386 583 3443 in
603 3387 681 3445 idem
703 3387 795 3444 artati
810 3387 952 3460 temporis
967 3388 1094 3460 spatium
1109 3392 1316 3462 congruerent,

200 3496 359 3567 postquam
379 3493 482 3552 eodem
503 3493 600 3568 capite
621 3510 657 3552 ac
677 3493 877 3566 subsequente
896 3511 1025 3553 summos
1045 3498 1076 3552 11
1091 3492 1273 3553 Graecorum
1287 3498 1319 3552 et

201 3599 402 3658 Romanorum
416 3604 530 3674 poetas„
552 3600 753 3674 philosophos,
777 3601 935 3660 historiens
949 3601 1140 3671 enumeravit,
1163 3601 1206 3660 sic
1219 3601 1319 3675 pergit

199 3703 340 3765 1.17.4:
378 3707 443 3776 ‚hoc
473 3706 551 3766 idem
583 3709 717 3766 evenisse
750 3709 962 3783 grammaticis,
999 3709 1114 3781 plastis,
1146 3708 1317 3781 pictoribus

202 3813 409 3887 scalptoribus,
425 3815 588 3887 quisquis
601 3818 799 3888 temporum
812 3815 999 3874 institerit
1011 3815 1124 3885 notis,
1139 3815 1267 3888 reperiet
1282 3813 1318 3872 ...¹

201 3952 241 3962 -
263 3936 300 3978 au
321 3920 368 3979 his
389 3937 504 3993 quoque
524 3921 624 3979 verbis
646 3921 683 3979 ad
705 3922 843 3981 chronica
864 3922 924 3980 ista
944 3921 1110 3994 respexerit
1129 3922 1238 3980 nescio.

282 4079 315 4148 ²⁸)
335 4077 378 4134 cf.
391 4079 548 4149 fragmenta
558 4081 650 4135 chron.
664 4081 761 4150 Nepet.
775 4081 846 4150 apud
859 4081 971 4136 Herm.
984 4081 1143 4136 Peterum
1157 4079 1320 4146 ‚Historico-

202 4183 263 4222 rnm
280 4167 467 4224 Romanorum
485 4168 648 4238 fragmenta'
662 4169 781 4238 (Lipsiae
796 4171 875 4239 1883)
895 4187 921 4239 p.
935 4173 987 4224 218
1006 4169 1039 4224 ir.
1052 4173 1069 4224 2
1087 4168 1120 4224 de
1133 4167 1247 4224 Homeri
1261 4173 1320 4224 113

204 4257 238 4312 de
257 4256 414 4314 Archilochi
433 4263 534 4313 aetate.

1107 4347 1145 4403 2„
