3266 5292
629 529 888 584 ..9...Ι

168 697 350 770 appareant?
393 695 496 769 (veluti
517 696 542 753 Ι.
565 693 612 754 12.
633 694 666 765 5;
694 696 734 755 ΙΙ.
756 695 784 756 4.
806 696 839 767 ὃς
868 695 914 756 10.
939 695 968 768 1;
998 697 1044 758 15.
1068 699 1101 771 1;
1126 699 1174 758 21.
1196 700 1229 772 5;
1252 703 1288 763 cf.

167 803 300 862 tabulam
326 803 362 862 ab
389 821 423 861 co
448 821 477 877 p.
498 800 540 861 20
569 803 774 880 propositam.)
817 805 883 878 Qua
909 823 941 863 re
967 806 1029 864 iste.
1050 807 1166 880 quidem
1192 809 1289 866 iacere

127 890 131 896 ’
167 928 225 969 non
257 914 366 983 potest,
399 910 467 983 quin
498 911 596 984 priore
627 911 684 969 hac
714 911 745 968 in
776 917 861 984 parte
892 917 1012 986 praeter
1038 915 1175 972 Atticum
1201 916 1289 974 alium

168 1035 282 1091 quoque
313 1017 424 1075 iontem
456 1051 489 1060 -
519 1017 568 1074 ubi
594 1023 692 1076 tamen
722 1020 833 1077 rectius
855 1019 983 1078 scribere
1006 1020 1145 1079 debebat:
1179 1021 1289 1091 ,alios

167 1122 297 1182 fontes'
319 1158 358 1166 —
380 1141 398 1181 a
418 1124 531 1182 Velleio
558 1124 721 1183 adhibitum
743 1143 808 1184 csse
835 1131 959 1184 statuat.
1003 1127 1042 1200 (p.
1064 1125 1125 1204 27.)
1168 1126 1227 1185 Sed
1252 1146 1288 1186 ne

168 1232 276 1305 longus
297 1232 351 1289 sim
375 1231 422 1289 his
442 1232 471 1289 in
504 1232 720 1318 chronologicis
752 1233 840 1291 robus
868 1238 936 1292 tcta
961 1235 1022 1292 iere
1054 1235 1179 1293 historia
1202 1236 1289 1293 valde

168 1338 328 1412 ambiguis:
363 1355 499 1396 numeros
530 1338 700 1398 Velleianos
736 1357 788 1398 seu
824 1341 979 1414 scriptoris
1015 1357 1066 1400 seu
1102 1340 1288 1399 librariorum

168 1446 254 1518 culpa
273 1445 435 1503 miserrime
456 1446 594 1503 turbatos
615 1449 732 1504 tantum
754 1448 863 1518 valere,
886 1452 920 1504 ut
939 1448 1026 1506 exiis
1043 1448 1288 1521 certiquidquam

168 1552 203 1610 dc
224 1552 355 1610 fontibus
376 1553 439 1637 erui
460 1553 564 1625 possit,
587 1553 720 1625 equidem
743 1555 805 1612 sine
826 1555 887 1612 ulle
909 1554 1093 1613 dubitatione
1107 1557 1286 1629 negaverim.

248 1659 330 1732 Quae
351 1677 417 1717 cum
437 1659 481 1716 ita
502 1658 570 1729 sint,
603 1659 662 1718 alia
693 1662 838 1719 tentanda
860 1662 917 1718 erit
937 1663 986 1720 via
1017 1666 1107 1734 atque
1132 1679 1168 1720 ex
1193 1646 1288 1720 ¹robus

167 1767 296 1839 ipsisque
326 1766 504 1824 narrationis
536 1767 731 1840 argumentis,
763 1785 822 1825 non
853 1768 911 1825 iam
938 1787 975 1826 cx
1006 1770 1135 1827 numeris
1160 1770 1289 1842 proficis·

168 1873 298 1942 cendum,
321 1873 346 1930 si
368 1872 432 1946 quis
454 1878 590 1932 auctores
611 1873 707 1932 Vellei
728 1874 872 1948 indagare
893 1876 982 1933 volet.

248 1979 334 2052 Quod
355 1980 469 2052 quidem
491 1980 566 2038 bene
588 1981 719 2038 sentiens
740 1981 851 2039 Kaisar
871 1983 935 2055 ipse
967 2000 1081 2055 quoque
1113 1991 1291 2066 argumenta

168 2103 222 2144 sua
253 2103 290 2144 cx
322 2087 440 2146 calculis
472 2087 568 2160 petita
600 2088 664 2144 aliis
695 2088 861 2146 rationibus
894 2089 1008 2146 studuit
1038 2089 1165 2148 firmare.
1214 2090 1288 2149 (lum

166 2193 298 2262 Atticus,
320 2192 520 2266 1661111622,
542 2194 717 2267 praesertim
738 2195 920 2268 temporibus
940 2196 1154 2254 constituendis
1169 2215 1288 2270 operam

168 2300 290 2370 dederit,
323 2300 467 2374 quomodo
499 2301 611 2358 iactum
639 2302 679 2359 sit
699 2301 901 2375 intelligimus,
934 2308 969 2360 ut
989 2303 1120 2362 Velleius
1141 2305 1238 2377 priore
1258 2307 1288 2362 in

169 2412 255 2481 parte
276 2409 373 2480 operis
394 2409 440 2465 sui
460 2411 508 2465 tot
528 2408 601 2465 locis
621 2425 758 2466 numeros
781 2408 909 2480 aderrat,
934 2427 998 2467 cum
1012 2411 1042 2467 in
1057 2416 1198 2483 sequente
1212 2413 1289 2470 hanc

167 2515 311 2572 rationem
345 2515 406 2572 iere
441 2516 527 2587 plane
561 2515 746 2588 neglegeret.
803 2517 871 2574 Hoc
907 2521 1114 2590 argumentum
1148 2523 1183 2575 ut
1217 2536 1288 2577 sane

167 2622 354 2692 levissimum,
375 2623 419 2679 ita
439 2639 476 2680 ne
497 2626 611 2680 rectum
634 2622 749 2694 quidem
771 2628 829 2692 est;
859 2641 928 2681 nam
949 2625 978 2681 in
1000 2641 1035 2682 ea
1057 2641 1171 2697 quoque
1191 2630 1285 2698 parte,

167 2729 310 2800 quoinde
332 2745 350 2786 a
371 2747 434 2802 cap.
456 2727 496 2788 49
515 2746 608 2801 usquc
630 2730 667 2787 ad
689 2747 752 2803 cap.
777 2727 834 2788 103
861 2732 990 2802 spatium
1011 2732 1098 2804 paulo
1119 2733 1185 2805 plus
1207 2734 1287 2805 quin-

167 2836 311 2910 quaginta
332 2853 474 2894 annorum
495 2836 670 2906 continetur,
693 2837 804 2910 septies
826 2835 886 2909 (49.
911 2835 941 2906 1;
964 2835 1012 2896 65.
1034 2837 1066 2908 2;
1089 2837 1138 2897 90.
1160 2838 1179 2897 2
1201 2843 1232 2896 61
1254 2837 1285 2909 4;

167 2939 215 3001 93.
239 2940 268 3011 1;
305 2941 371 3002 100.
393 2942 424 3012 2;
461 2940 526 3002 103.
549 2940 580 3018 3)
613 2944 741 3001 calculos
773 2944 939 3016 adscriptos
971 2945 1106 3018 legimus
1149 2924 1287 3005 Ceterum

169 3051 237 3122 quid
260 3053 340 3108 esset
359 3050 473 3120 mirum,
506 3051 530 3108 si
550 3051 680 3108 vetustis
701 3051 731 3108 in
753 3051 934 3124 temporibus
959 3053 1130 3110 enarrandis
1162 3054 1288 3126 scriptor

169 3147 339 3231 diligentius
371 3173 511 3214 annorum
544 3157 676 3215 ordinem
705 3162 843 3216 notasset
875 3175 962 3230 quam
982 3159 1012 3216 in
1033 3159 1078 3228 113,
1111 3176 1184 3231 quae
1216 3176 1287 3218 suae

167 3263 261 3322 aetati
278 3263 336 3322 iam
351 3264 488 3336 propiora
502 3265 606 3322 orent?
622 3299 660 3305 —
678 3265 724 3321 At
737 3265 804 3323 inde
819 3283 837 3322 a
852 3281 916 3338 cap.
931 3262 980 3335 49,
1003 3266 1126 3335 sitista
1143 3267 1287 3340 copiosior

167 3345 202 3428 111
221 3371 363 3439 narratio,
385 3369 519 3428 nimirum
534 3376 701 3443 propterca,
726 3372 802 3443 quod
817 3372 914 3444 priore
927 3372 1008 3430 sonte
1024 3372 1186 3432 destitutus
1200 3374 1286 3432 alium

166 3477 221 3534 sibi
254 3477 345 3550 clegit
376 3481 534 3535 auctorem.
587 3478 667 3535 Huic
699 3484 874 3552 argumento
907 3495 980 3536 cave
1010 3480 1131 3538 nimium
1162 3480 1285 3539 tribuas,

166 3583 229 3641 Iam
251 3584 327 3642 enim
348 3585 440 3642 multo
462 3589 531 3642 ante
551 3601 614 3658 cap.
629 3583 670 3643 49
690 3586 801 3644 maiore
823 3586 949 3657 quadam
971 3587 1127 3661 diligentie
1146 3588 1176 3644 in
1198 3589 1287 3660 expli-

166 3692 267 3750 candis
298 3691 385 3748 rebus
418 3696 563 3761 versatur,
596 3693 655 3749 iem
685 3692 752 3750 inde
780 3691 949 3751 aSullanis
981 3694 1162 3766 temporibus
1193 3694 1286 3752 fusius

166 3804 294 3868 enarrat,
315 3798 371 3855 iam
390 3798 467 3856 satis
488 3799 599 3857 multus
623 3805 670 3857 cst
690 3800 720 3856 in
741 3799 830 3857 rebus
851 3800 939 3858 Marii
960 3800 1019 3874 (ex.
1042 3819 1088 3874 gr.
1104 3801 1140 3858 ci.
1157 3818 1220 3874 cap.
1237 3798 1286 3876 19)

166 3911 196 3963 et
227 3905 350 3978 Pompei
381 3904 429 3978 (61.
457 3922 520 3979 cap.
542 3903 582 3963 29
608 3902 711 3982 6133)
743 3911 775 3963 61
805 3907 989 3979 potissimum
1021 3906 1158 3965 Caesaris
1190 3907 1285 3980 (capp.

165 4009 297 4088 41-43)
318 4012 525 4082 describendis,
548 4029 622 4085 quae
644 4030 682 4070 ex
703 4013 756 4070 tali
777 4013 868 4082 fonte,
892 4014 986 4085 qualis
1000 4014 1098 4071 Attici
1118 4013 1192 4072 liber
1212 4018 1285 4082 erat,

166 4119 281 4177 omnino
303 4136 362 4176 non
382 4118 557 4192 profluxisse
578 4124 713 4192 possunt.
777 4171 778 4174 ,

175 4263 177 4268 -
246 4225 379 4299 Denique
404 4226 515 4284 Kaiser
534 4230 627 4299 vputet
648 4225 687 4298 (p.
709 4225 760 4302 22)
778 4226 927 4288 ‚Velleium
952 4227 982 4283 in
1010 4227 1118 4298 studio,
1152 4228 1228 4299 quod
1260 4229 1286 4285 ei
