3266 5292
780 521 1000 580 ..30-

332 697 446 752 vestem
478 691 689 766 alligassotque
710 662 878 766 'pugionem
909 689 947 749 ad
977 690 1072 748 fomur
1103 687 1239 747 alterutri
1264 704 1296 745 se
1317 686 1452 744 fortunae

334 815 451 876 parans,
483 816 553 858 mox
572 798 719 857 intellexit
739 796 915 856 frustratum
936 813 1002 855 esse
1022 796 1118 854 visum
1144 811 1227 853 suum
1259 791 1453 866 arborumque

336 923 374 966 ex
398 905 558 980 longInquo
591 905 722 964 ordinem
753 908 955 964 antemnarum
986 902 1157 979 praebuisse
1188 899 1380 977 imaginem'),
1411 899 1455 958 ita

336 1030 407 1072 sane
429 1016 600 1088 comparate
620 1017 675 1082 est,
706 1016 741 1071 ut
761 1011 863 1070 ultimo
884 1011 949 1069 loco
971 1011 1008 1070 ad
1028 1011 1138 1069 nullum
1167 1008 1224 1066 nisi
1244 1007 1293 1081 qui
1313 1023 1455 1083 praesens

338 1119 430 1190 affuit
453 1119 612 1178 Gaesarem
631 1119 725 1193 igitur
744 1119 841 1194 lpsum
861 1123 913 1176 eut
934 1117 1109 1176 comitantes
1135 1117 1208 1175 duos
1229 1115 1339 1174 amicos
1359 1113 1455 1172 redite

338 1227 442 1303 possit·
476 1228 610 1285 Aecum
632 1224 702 1284 dicit
721 1226 833 1283 Noster
854 1243 878 1282 c.
900 1221 940 1282 43
962 1228 1051 1282 exto:
1074 1224 1196 1296 ‚reliqua
1217 1222 1278 1281 eius
1300 1225 1376 1292 acta,
1399 1236 1455 1293 quo

338 1334 455 1393 notiora
465 1338 543 1403 sunt,
564 1331 661 1390 minus
682 1336 773 1406 egent
786 1330 876 1402 stilo‚'
895 1330 974 1390 haud
989 1331 1049 1389 scio
1064 1348 1102 1389 an
1116 1331 1163 1388 his
1176 1329 1275 1388 verbis
1289 1327 1457 1402 significare

340 1441 468 1499 volucrit
488 1438 604 1498 omissis
617 1437 791 1512 vulgaribus
812 1455 890 1496 nova
909 1438 1094 1513 potissimum
1114 1436 1239 1495 necdum
1252 1434 1361 1494 litteris
1376 1451 1458 1492 man·

339 1547 411 1606 data
431 1546 466 1604 de
488 1546 616 1605 (laesere
637 1562 670 1604 se
691 1545 835 1604 attulisse.
876 1544 990 1602 Verum
1022 1545 1083 1603 sive
1114 1543 1222 1602 famam
1251 1560 1286 1601 ac
1315 1557 1457 1610 rumores,

341 1653 444 1726 quales
475 1653 535 1711 suis
559 1651 741 1728 temporibus
773 1652 808 1710 de
829 1652 906 1710 Divo
928 1652 1011 1711 Julio
1043 1651 1192 1709 hominum
1218 1649 1378 1708 aulicorum
1398 1665 1458 1708 serr

342 1759 477 1818 monibus
499 1758 787 1828 circumferebantur,
810 1759 872 1817 sive
892 1759 1001 1818 iustam
1016 1757 1153 1817 (laeseris
1167 1758 1260 1816 vitam
1280 1756 1380 1814 multis
1396 1759 1459 1814 tum

344 1865 537 1942 scriptoribus
568 1884 603 1925 ac
633 1866 759 1925 maxime
789 1865 882 1941 ipsius
903 1865 1043 1942 amicis⁴¹)
1067 1865 1232 1940 expositam
1258 1867 1377 1922 secutus
1399 1865 1459 1921 est:

344 1978 425 2032 certe
446 1991 520 2046 quac
541 1972 588 2032 hie
610 1972 755 2047 capitibus
777 1973 944 2031 continetur
964 1972 1112 2041 memoria,
1145 1971 1272 2046 optimae
1303 1973 1352 2028 est
1370 1972 1460 2028 notae

344 2097 459 2153 quaque
489 2079 519 2138 in
550 2079 702 2139 condenda
730 2084 880 2138 auctorem
910 2079 1018 2138 bonum
1040 2097 1075 2138 ec
1094 2078 1151 2136 fide
1173 2077 1295 2152 dignum
1325 2075 1462 2135 habuerit

344 2204 464 2246 necesse
486 2191 541 2246 est.

415 2374 450 2432 B.
492 2375 685 2448 Augusti
727 2373 772 2431 de
812 2373 905 2432 vita
949 2391 1022 2432 sua
1063 2370 1397 2432 commentarios

610 2480 793 2540 adhibitos
818 2497 896 2538 esse
922 2480 1199 2539 demonstratur.

427 2605 537 2665 Restat
560 2622 645 2675 unus,
673 2605 754 2663 ouius
780 2605 863 2677 quasi
887 2605 980 2664 vitam
1006 2604 1163 2678 descripsit
1182 2603 1328 2672 Velleius,
1357 2601 1464 2660 Octa·

345 2715 476 2773 vienus
497 2713 696 2786 Augustus
732 2712 782 2770 Ad
803 2729 889 2785 quem
908 2711 958 2770 ubi
978 2711 1110 2770 narratio
1130 2728 1193 2784 cap.
1208 2707 1249 2768 59
1263 2709 1389 2768 deducta
1407 2711 1464 2777 cst,

348 2838 430 2879 more
451 2838 504 2879 suo
525 2819 562 2879 ab
584 2819 710 2878 historia
730 2819 882 2893 digressus
904 2819 940 2876 de
961 2819 1074 2893 origine
1095 2835 1130 2876 ac
1150 2817 1276 2890 pueritia
1295 2817 1358 2874 eius
1371 2815 1467 2874 multa

348 2927 462 2997 inserit,
485 2944 559 3000 qnae
580 2944 617 2984 ex
633 2927 751 2986 'ratione
772 2927 846 2984 satis
866 2927 925 2986 lam
946 2925 1114 3000 significata
1134 2924 1172 2982 ed
1192 2923 1283 2982 libros
1303 2922 1416 2981 devita
1429 2939 1466 2979 ac

350 3034 438 3094 rebus
464 3035 526 3093 eius
544 3033 729 3108 compositos
749 3032 903 3092 referenda
927 3036 1005 3102 sunt,
1032 3033 1118 3090 simul
1139 3037 1238 3089 autem
1258 3035 1374 3088 tantam
1394 3045 1466 3102 prae

351 3159 383 3200 se
404 3141 504 3200 lerunt
524 3142 731 3201 auctoritatem
751 3143 923 3213 tantamque
937 3140 1128 3213 Imperatoris
1147 3138 1308 3198 ostendunt
1320 3136 1464 3205 notitam,

351 3255 386 3308 ut
415 3249 463 3307 hic
493 3250 612 3308 tandem
643 3251 794 3307 auctorem
820 3247 981 3306 certissime
1012 3263 1216 3321 agnoscemus
1258 3245 1364 3303 Fuisse
1394 3261 1466 3302 vero

350 3356 430 3414 hunc
449 3356 592 3414 neminem
611 3354 699 3413 alium
711 3354 769 3412 nisi
782 3355 878 3426 ipsum
893 3352 1051 3411 Gaesarem
1064 3353 1246 3427 Augustum,
1262 3352 1310 3424 qni
1325 3349 1467 3409 Suetonio

354 3461 447 3537 (Aug.
459 3459 510 3536 85)
532 3465 563 3520 et
583 3461 675 3520 Suide
695 3461 731 3536 (Ι.
746 3480 775 3536 p.
789 3457 848 3520 851
859 3460 898 3538 B)
920 3460 1046 3518 testibus
1070 3461 1166 3535 ultam,
1185 3477 1268 3518 suam
1290 3457 1468 3516 Cantabrico

353 3575 440 3629 tenus
471 3569 546 3627 bello
577 3568 718 3628 tredecim
748 3569 830 3628 libris
863 3568 1008 3642 exposuit,
1039 3567 1123 3626 facile
1149 3566 1310 3640 apparebit,
1342 3566 1367 3623 si
1394 3580 1470 3638 quae

354 3695 417 3750 cap.
438 3674 479 3735 59
503 3676 587 3735 Initio
614 3676 649 3734 de
669 3680 756 3750 patre
777 3693 812 3734 ac
832 3675 943 3734 familia
963 3675 1025 3734 eius
1047 3676 1310 3733 commemorantur
1334 3670 1414 3746 (duit
1435 3671 1469 3729 Ο.

357 3784 499 3843 Octavius
519 3787 632 3842 utnon
652 3783 785 3858 patricia,
807 3783 851 3842 ita
871 3782 1027 3841 admodum
1048 3781 1181 3854 speciosa
1201 3779 1330 3853 equestri
1351 3778 1471 3854 genitus

355 3890 486 3968 familia’)
521 3891 737 3964 comparaveris
771 3907 836 3948 cum
876 3887 959 3948 Suet.
994 3890 1075 3962 Aug.
1107 3885 1135 3958 2,
1171 3887 1219 3960 qui
1254 3887 1338 3944 dicit:
1375 3885 1471 3960 ,Ipse

435 4049 469 4120 ⁴¹)
488 4051 531 4106 De
550 4049 609 4107 vita
628 4049 754 4106 Caesaris
782 4047 950 4118 scripserunt
970 4065 1004 4104 ex
1027 4045 1119 4102 amicis
1139 4045 1196 4102 cius
1215 4045 1324 4102 Hirtius
1343 4045 1388 4116 (cf.
1407 4045 1472 4100 bell.

356 4140 429 4196 Gall.
447 4139 522 4194 VIII
539 4137 645 4209 praei),
674 4136 817 4193 Cornelius
840 4137 942 4192 Balbus
966 4138 1010 4206 (cf.
1035 4136 1115 4192 Suet.
1135 4136 1213 4192 Caes.
1233 4137 1286 4206 sl),
1317 4134 1348 4190 O.
1368 4133 1472 4204 Oppius

357 4230 404 4299 (cf.
422 4229 497 4284 Plut.
515 4229 612 4298 Pomp.
632 4230 674 4282 10.
694 4227 774 4284 Caes.
794 4231 836 4283 17.
866 4227 943 4284 Suet.
963 4227 1043 4284 Caes.
1063 4228 1107 4295 53)
1129 4225 1235 4293 aliique.
