3266 5292
798 489 1019 548 ...22-

350 660 521 719 1111111111
543 658 706 732 opinionem
726 657 750 716 J
756 675 782 716 1.
804 657 1140 734 Rosonuauorumu)
1154 657 1213 716 iam
1233 658 1369 718 incidisse
1389 659 1469 718 haud

350 739 413 826 sine
427 782 535 840 magno
550 765 659 839 gaudio
675 764 812 840 cognovi.
849 763 910 823 Sed
925 781 1000 838 quae
1013 764 1144 823 breviter
1157 765 1206 824 ille
1219 746 1384 836 adnotabit,
1398 766 1470 825 mihi

350 873 538 948 peculiariter
557 872 587 930 in
606 872 705 930 fontes
718 871 818 930 Vellei
831 871 991 945 inquirenti
1004 871 1137 945 pluribus
1150 872 1199 930 hic
1214 873 1357 931 disserere
1371 873 1469 932 liceat.

431 980 480 1038 Ex
493 980 621 1038 vitarum
635 979 729 1053 igitur
742 978 887 1052 scriptore
901 1011 940 1020 —
953 979 1000 1037 vel
1016 979 1041 1038 si
1054 980 1152 1054 magis
1165 980 1264 1052 placet
1277 980 1471 1054 scriptonhus

351 1122 390 1130 —
412 1104 447 1144 ea
468 1086 530 1144 fere
551 1087 695 1144 Nostrum
717 1085 913 1159 desumpsisse
934 1089 1045 1156 statuo,
1077 1101 1160 1159 quae,
1188 1103 1253 1144 curn
1277 1086 1315 1144 ad
1337 1087 1471 1161 singulos

351 1193 553 1253 tantummodo
578 1193 719 1264 1111111111,
745 1209 804 1251 111
830 1192 868 1250 ad
893 1192 1048 1251 universae
1073 1193 1204 1252 civitatis
1229 1193 1383 1252 historiam
1406 1210 1471 1266 per·

351 1302 474 1370 tineent,
498 1300 667 1359 continuum
687 1315 785 1357 rerum
801 1299 930 1357 ordinem
944 1299 1162 1373 interrumpunt
1176 1304 1265 1373 atque
1279 1301 1372 1374 primo
1387 1301 1472 1374 quasi

353 1407 458 1467 obtutu
491 1407 630 1465 additicia
661 1409 873 1480 agnoscuntur,
905 1422 994 1480 saepe
1026 1407 1114 1465 etiam
1146 1407 1307 1481 evulgari
1338 1408 1470 1478 scientia,

352 1519 387 1573 ut
406 1514 600 1573 Rosenhauer
621 1514 672 1583 ait,
694 1513 853 1571 remotiora
874 1517 952 1582 sunt,
974 1530 1061 1586 quam
1076 1530 1151 1586 quae
1166 1532 1203 1572 11
1216 1518 1360 1588 perpetua
1374 1515 1472 1588 aliqua

352 1622 477 1680 historia
507 1621 617 1678 hausta
647 1637 713 1678 esse
743 1621 866 1694 possint.
920 1619 1010 1678 Cuius
1041 1621 1168 1695 generis,
1200 1626 1235 1678 ut
1265 1623 1323 1680 iam
1355 1622 1472 1696 singula

353 1745 530 1802 percurram,
561 1728 686 1801 11111111
717 1727 881 1801 exemplum
911 1727 1037 1797 videtur,
1074 1728 1151 1801 quod
1182 1727 1218 1786 de
1249 1729 1285 1786 L.
1317 1729 1470 1788 Aemilio

353 1833 466 1894 Paulo
487 1835 512 1892 Ι.
533 1832 562 1892 9.
583 1831 603 1892 3
624 1833 729 1892 tradit:
757 1851 831 1904 eum,
858 1839 1016 1907 antequam
1037 1839 1141 1893 contra
1161 1835 1274 1894 Persen
1294 1836 1471 1906 mitteretur,

352 1919 385 2001 et
418 1947 585 2016 praetorem
619 1944 650 1998 et
684 1942 832 2000 consulem
867 1941 1074 2014 triumphasse.
1130 1941 1177 2000 De
1211 1942 1359 2015 praetorio
1393 1943 1471 2001 illius

353 2049 501 2123 triumpho
527 2053 557 2106 et
582 2047 686 2106 Livius
711 2053 800 2117 tacet,
828 2049 874 2106 cui
899 2052 998 2106 cetera
1023 2048 1109 2106 huius
1135 2049 1241 2122 capitis
1272 2048 1371 2108 deberi
1395 2049 1472 2107 infre

354 2153 722 2232 (pessumdaturus,
750 2159 781 2212 et
805 2155 934 2230 elogium
954 2154 1041 2213 Pauli
1068 2159 1186 2214 statuae
1212 2156 1249 2214 ab
1270 2157 1412 2230 Augusto
1441 2156 1472 2214 in

353 2264 418 2322 1111
450 2263 558 2322 Martis
590 2261 786 2336 subscriptum
818 2261 919 2336 (O.J.
941 2261 1023 2320 111.
1045 2259 1163 2336 paea,
1194 2280 1239 2320 nr.
1260 2262 1367 2339 XXX)
1399 2263 1474 2322 duos

353 2376 471 2430 tantum
492 2371 656 2444 triumphos
677 2369 837 2428 eiconsuli
857 2369 970 2427 tribuit.
1001 2370 1108 2428 Altero
1130 2370 1246 2443 quidem
1267 2370 1372 2444 elogio,
1395 2369 1472 2443 quod

356 2495 425 2537 arcu
439 2476 582 2534 'Fabiano
607 2475 731 2534 incisum
757 2480 823 2532 erat
843 2474 889 2549 (Ο.
904 2476 937 2535 J.
952 2475 1027 2534 111.
1049 2494 1077 2549 p.
1098 2475 1167 2552 279,
1188 2495 1234 2538 nr.
1255 2476 1283 2554 1)
1305 2480 1352 2534 ter
1372 2477 1474 2535 trium·

354 2585 462 2658 phasse
489 2583 604 2652 dicitur,
630 2581 680 2641 ubi
706 2583 830 2641 adnotat
854 2583 1067 2641 Mommsenus:
1100 2583 1234 2653 ,Paullus
1259 2583 1396 2657 quoniam
1426 2588 1474 2642 ter

354 2693 514 2765 imperator
535 2690 701 2764 appellatus
722 2694 778 2759 est,
799 2707 852 2763 pro
875 2689 988 2749 duobus
1009 2690 1164 2764 triumphis
1186 2694 1249 2750 tres
1265 2691 1475 2749 eitribuuntur

356 2816 421 2856 oum
441 2797 471 2856 in
492 2798 549 2855 hoc
569 2795 665 2871 elogio
681 2813 747 2855 11.
763 2793 823 2856 698
842 2797 944 2868 inciso,
966 2801 1029 2856 tum
1051 2797 1129 2872 apud
1142 2797 1220 2855 Vell.
1234 2797 1259 2856 I.
1274 2795 1303 2856 9.
1338 2798 1475 2856 Pertinet

355 2906 411 2963 hoo
437 2905 475 2962 ad
500 2907 654 2979 argentee,
686 2907 721 2962 ut
745 2903 850 2962 Livius
881 2905 924 2962 ait
955 2903 1071 2978 (XXII.
1092 2901 1154 2981 31),
1186 2905 1305 2962 titulum
1336 2905 1474 2979 imaginis

355 3010 510 3086 posteros!
563 3010 622 3070 Sed
653 3012 709 3069 hoc
741 3029 778 3068 11
809 3011 896 3071 111111
928 3029 994 3069 oum
1019 3011 1150 3070 Velleius
1182 3029 1237 3070 sue
1266 3011 1385 3070 haurire
1416 3029 1476 3070 non

356 3121 487 3194 potuerit
507 3153 545 3160 —
567 3119 734 3177 accuratius
756 3118 831 3176 enim
852 3135 914 3176 rem
934 3119 1028 3176 tradit
1048 3152 1096 3189 —-‚
1119 3136 1156 3176 11
1176 3119 1257 3177 vitae
1277 3119 1362 3178 Pauli
1385 3119 1475 3192 scrip

356 3231 431 3296 tore,
462 3230 497 3283 ut
517 3226 628 3299 opinor,
660 3226 734 3283 haec
755 3226 925 3298 desumpsit,
958 3225 1007 3298 qui
1032 3225 1133 3284 eodem
1158 3226 1244 3284 modo
1275 3225 1305 3284 in
1335 3225 1475 3285 maiorem

356 3334 434 3393 illius
455 3333 581 3407 gloriam
602 3333 730 3391 honores
751 3333 813 3391 eius
834 3337 967 3391 auxerat.

437 3440 558 3499 Dixeris
588 3440 665 3498 hanc
695 3457 783 3498 unam
814 3457 876 3498 rem
906 3440 1074 3499 memoriter
1098 3439 1229 3499 additam
1250 3457 1324 3498 esse.
1365 3439 1479 3500 Audio,

358 3550 505 3606 Attamen
526 3563 601 3620 quae
623 3546 659 3605 de
678 3547 827 3606 Metello
842 3547 1073 3606 Macedonico
1089 3564 1152 3621 cap.
1168 3543 1215 3605 11.
1230 3544 1310 3605 2-7
1324 3548 1475 3622 leguntur,

358 3655 455 3728 magle
475 3655 533 3712 iem
555 3653 593 3712 ed
613 3655 703 3712 talem
724 3653 844 3725 iontem,
867 3654 961 3727 qualis
982 3654 1052 3712 mihi
1072 3654 1102 3712 in
1123 3655 1219 3712 animo
1241 3658 1296 3724 est,
1328 3655 1476 3728 pertinere

358 3761 504 3819 videntur.
546 3761 678 3819 Primum
702 3761 779 3820 enim
805 3761 840 3819 de
861 3761 975 3819 Metelli
1001 3767 1032 3819 et
1051 3778 1177 3835 persona
1202 3767 1233 3821 et
1253 3761 1363 3820 familia
1382 3762 1477 3820 multo

360 3869 445 3942 plura
464 3867 558 3926 refert
580 3885 665 3941 quem
687 3869 764 3927 ullus
785 3871 945 3942 perpetuae
963 3868 1105 3927 historiae
1120 3872 1232 3940 auctor,
1253 3869 1346 3927 veluti
1359 3868 1476 3938 Florus,

441 4108 474 4177 30)
494 4107 642 4177 Symbolae
664 4108 699 4162 ed
718 4108 893 4176 quaestiones
906 4109 945 4174 ,de
967 4109 1087 4166 fontibus
1105 4109 1178 4171 libri,
1199 4109 1244 4178 qui
1262 4109 1422 4165 inscribitur
1441 4112 1475 4164 de

361 4197 428 4252 viris
445 4196 599 4252 illustribus
618 4197 695 4252 urhis
713 4197 826 4256 Romae.
864 4197 1033 4268 Campoduni
1052 4203 1129 4256 lesa.
1167 4217 1192 4268 p.
1207 4203 1240 4254 16
1253 4216 1293 4267 sq.
1327 4200 1473 4255 1111111111.
