3266 5292
579 525 860 582 .-5—

180 691 355 751 *Cornelius
376 694 478 766 Nepos
499 692 607 766 (Attio.
631 691 677 752 18.
699 693 731 770 2)
753 711 818 752 eum
839 695 868 752 in
891 695 1027 767 operibus
1048 696 1108 753 suis
1125 694 1321 753 difficillimam

201 817 263 865 rem
293 816 471 874 aggressum
502 815 582 870 esse,
618 805 653 857 ut
686 801 912 873 uniuscuiusque
947 802 1018 860 clari
1052 802 1108 860 viri
1142 802 1321 876 propagines

201 907 432 979 familiarumque
464 907 609 981 originem
640 907 822 977 subtexeret,
855 908 956 965 eadem
987 909 1016 965 in
1038 907 1183 966 Velleium
1216 908 1321 966 cadere
1404 961 1407 968 .

201 1017 296 1086 putat,
329 1014 378 1085 qui
409 1031 496 1086 quam
528 1013 687 1090 diligenter
717 1015 747 1073 in
778 1014 903 1073 historia
934 1032 987 1072 sua
1019 1016 1164 1073 clarorum
1191 1016 1321 1073 virorum

201 1137 295 1194 genus
318 1126 349 1178 et
364 1121 571 1195 cognationem
585 1121 737 1179 notaverit
750 1120 858 1194 ubique
872 1121 1059 1179 manifestum
1074 1123 1114 1179 sit
1135 1121 1166 1194 (l.
1182 1122 1200 1178 1.
1216 1139 1243 1194 p.
1261 1119 1319 1198 13).

281 1227 364 1300 Quae
390 1228 546 1296 sententia,
573 1246 591 1285 a
615 1211 777 1287 Conrado
805 1228 844 1286 de
871 1227 992 1302 Oppen
1016 1227 1221 1304 improbata7),
1255 1228 1318 1286 dein

200 1334 328 1406 repetita
349 1338 396 1393 est
417 1353 435 1392 a
455 1335 570 1394 Paulo
591 1335 785 1411 Kaisarob,
813 1336 861 1407 qui
883 1340 966 1393 certa
987 1336 1112 1408 quadam
1137 1337 1250 1394 ratione
1272 1335 1321 1393 ad-

201 1440 295 1498 hibita
321 1458 386 1498 eam
411 1441 528 1499 firmare
555 1442 678 1500 studuit.
721 1441 812 1501 (iuius
837 1442 867 1499 in
900 1442 1117 1511 dissertatione,
1151 1460 1224 1514 quae
1256 1447 1322 1500 tota

202 1547 236 1605 de
262 1548 393 1607 fontibus
419 1551 474 1618 est,
504 1566 569 1607 cum
594 1549 711 1622 reliqui,
741 1566 814 1622 quos
839 1550 995 1618 nominavi,
1023 1551 1198 1608 coniecturis
1224 1549 1320 1624 magis

202 1671 288 1726 quam
319 1655 502 1729 argumentis
533 1655 579 1714 usi
609 1657 638 1713 in
671 1660 845 1715 transcursu
876 1658 993 1714 tantum
1025 1660 1115 1728 atquc
1142 1656 1238 1714 obiter
1259 1673 1318 1714 rem

203 1763 368 1837 tetigerint,
390 1763 549 1835 paullisper
569 1762 639 1820 mihi
661 1764 897 1821 commorandum
919 1764 1073 1836 arbitror„

206 1923 210 1926 .
276 1869 391 1942 ,Kaisar
414 1870 517 1943 igitur,
544 1875 579 1928 ut
604 1885 747 1928 summam
773 1872 938 1928 sententiae
964 1871 1026 1928 eius
1052 1871 1153 1944 paucis
1180 1875 1319 1943 repetam,

201 1994 220 2035 a
238 1975 437 2050 chronologia,
461 1993 518 2048 qua
543 1964 676 2034 Velleius
697 1977 801 2047 utitur,
823 1977 974 2050 profectus
997 1978 1198 2035 demonstrare
1220 1976 1322 2035 studet

202 2082 241 2156 (p.
257 2079 297 2141 10
317 2085 393 2158 sqq.)
414 2083 445 2140 in
467 2083 635 2142 universum
658 2101 723 2142 eum
744 2085 774 2142 in
795 2061 923 2142 numeris
945 2101 1086 2141 annorum
1108 2084 1321 2142 constituendis

202 2191 274 2248 duae
305 2190 382 2247 inter
413 2206 446 2248 se
468 2191 669 2264 discrepantes
690 2192 821 2249 rationes
843 2195 977 2249 secutum
998 2207 1072 2258 esse,
1106 2207 1228 2263 quarum
1250 2191 1321 2248 alte·

200 2312 261 2354 ram
294 2297 390 2354 tribus
422 2299 507 2355 annis
534 2298 768 2367 aVarroniana,
801 2314 875 2370 quae
908 2297 1021 2367 dicitur,
1054 2297 1240 2355 recedentem
1272 2298 1320 2355 ad-

200 2403 328 2461 hibuerit
352 2403 383 2461 in
408 2404 506 2477 priore
531 2405 687 2462 voluminis
713 2410 798 2478 parte
823 2405 847 2462 Ι.
873 2402 901 2462 8.
928 2402 1029 2461 4-ΙΙ.
1055 2401 1104 2461 49.
1132 2402 1147 2461 1
1175 2405 1321 2462 nonnullis

202 2510 355 2583 capitibus,
389 2527 464 2583 quae
485 2516 586 2568 tamen
608 2529 673 2568 curn
694 2511 864 2569 narratione
877 2512 953 2583 ,ipsa
973 2528 1031 2568 uon
1054 2512 1240 2578 cohaereant,
1273 2529 1321 2568 ex-

202 2618 296 2690 ceptis
318 2617 423 2690 (veluti
443 2617 467 2676 Ι.
485 2615 633 2687 141115;
656 2617 697 2676 Π.
717 2615 876 2693 381139),
899 2619 1022 2676 alteram
1044 2618 1157 2690 reliqua
1176 2619 1206 2674 in
1227 2623 1320 2690 parte,

200 2724 250 2782 ubi
280 2729 436 2798 praeterea
468 2729 499 2782 11
524 2726 617 2802 multo
650 2725 745 2783 rarius
776 2729 866 2782 notae
898 2741 1041 2783 annorum
1072 2725 1260 2783 inveniantur
1291 2728 1322 2782 ot

201 2830 318 2889 uberior
348 2831 403 2890 fiat
434 2849 531 2890 rerum
564 2831 721 2890 enarratio.
775 2832 870 2904 Quam
901 2833 1079 2890 calculorum
1111 2832 1321 2890 dissensionem

199 2937 267 2995 inde
300 2938 449 2998 effluxisse
480 2942 576 3011 putat,
609 2938 687 3011 quod
719 2939 842 2996 diversis
874 2939 1002 3012 scriptor
1028 2938 1158 2996 sontibus
1180 2955 1251 2996 usus
1273 2939 1320 2996 sit.

201 3044 240 3118 (p.
262 3042 325 3122 20.)
372 3046 436 3104 Iam
462 3046 486 3104 si
510 3045 643 3104 Velleius
668 3044 692 3102 I.
714 3043 743 3104 8.
764 3043 784 3102 4
809 3045 934 3104 Romam
966 3045 1114 3103 conditam
1146 3063 1211 3104 esse
1243 3045 1322 3103 dicat

201 3153 291 3235 tertio
314 3152 496 3225 Olympiadis
519 3157 622 3212 sextae
642 3170 728 3222 anno,
751 3152 852 3210 eodem
872 3169 927 3224 quo
944 3151 1044 3210 Selino
1064 3156 1143 3210 teste
1165 3152 1200 3226 (Ι.
1216 3150 1321 3228 1711.)

203 3259 348 3331 placuerit
368 3259 531 3332 Pomponio
553 3259 668 3328 Attico,
701 3259 726 3317 si
747 3264 902 3334 praeterea
922 3259 1020 3318 Attici
1041 3260 1116 3318 liber
1136 3261 1250 3318 annalis
1276 3261 1321 3317 vel

200 3365 327 3424 maxime
351 3365 473 3424 idoneus
498 3366 589 3425 fuerit
613 3366 651 3424 ad
675 3367 859 3440 propositum
880 3367 950 3436 eiua,
984 3385 1048 3425 cum
1080 3367 1164 3425 brevi
1191 3373 1322 3439 tempore

203 3473 437 3545 compendiosam
458 3473 612 3532 historiam
634 3474 798 3547 scripturus
820 3477 909 3543 esset,
931 3474 1140 3546 probabilitate
1155 3474 1253 3546 aliqua
1267 3473 1322 3532 sibi

212 3745 215 3759 .,
282 3695 365 3764 7)1)1
388 3695 425 3750 Μ.
449 3694 557 3749 Velleio
581 3695 737 3749 Paterculo.
774 3691 898 3749 Dissert.
918 3695 1048 3750 Rostoch.
1081 3697 1158 3748 1875.
1188 3713 1213 3763 p.
1233 3699 1249 3748 6
1268 3712 1321 3761 sq:

202 3783 280 3850 ,Nam
308 3783 441 3852 quomodo
473 3799 657 3851 quaecumque
689 3789 804 3838 externa
834 3783 924 3851 specie
956 3783 1102 3851 splendent
1131 3783 1321 3850 hominumque
1364 3830 1367 3838 ,

202 3872 294 3942 paulos
323 3871 519 3940 quodammodo
547 3872 650 3929 feriunt
677 3890 692 3927 a
720 3871 863 3942 scriptore,
892 3872 1000 3927 etiamsi
1028 3871 1137 3926 minime
1166 3873 1197 3926 od
1230 3890 1322 3927 rerum

200 3961 409 4016 tractandarum
420 3960 566 4016 historiam
578 3963 729 4030 pertinent,
746 3962 933 4016 celebrantur:
954 3961 994 4015 ita
1005 3977 1040 4015 ne
1053 3965 1202 4016 stemmata
1215 3960 1321 4029 quidem

202 4049 234 4104 ab
254 4066 286 4104 eo
306 4049 416 4120 depicta
439 4051 548 4113 aliunde
573 4068 652 4119 quam
676 4068 710 4106 ex
733 4050 815 4106 nimio
839 4051 897 4105 cius
921 4067 1014 4105 rerum
1033 4055 1210 4106 externarum
1229 4067 1321 4105 amore

202 4138 360 4207 explicanda
378 4140 460 4193 sunt'

283 4228 303 4295 8)
323 4228 365 4282 Dc
385 4227 506 4283 sontibus
525 4228 616 4283 Vellei
636 4228 785 4288 Paterculi.
812 4228 930 4284 Dissert.
951 4228 1044 4283 Bercl.
1061 4231 1138 4283 1884.
