3266 5292
606 523 828 581 -13-

158 694 255 752 simul¹
275 698 306 752 et
335 692 469 752 historici
499 696 602 767 partes
633 709 727 767 agens
756 691 968 768 admiscuit¹⁸);
1014 691 1063 764 qui
1094 691 1218 764 denique
1249 691 1280 748 in

157 801 268 860 maiore
282 801 378 874 operis
392 804 478 874 parte
491 800 639 874 epitomen
653 800 750 874 magis
764 798 906 857 historiae
920 798 1002 856 dedit
1016 815 1103 872 quam
1123 798 1279 862 historiam

158 914 191 966 et
210 908 345 982 singulas
365 925 414 965 res
435 911 498 965 tam
518 907 651 965 breviter
671 905 850 980 perstrinxit
871 909 960 978 atque
982 905 1096 980 attigit,
1118 908 1153 963 ut
1173 905 1282 964 indicia

159 1015 197 1073 ad
227 1019 365 1074 auctores
396 1013 620 1088 cognoscendos
650 1013 757 1072 idonea
788 1016 841 1072 aut
870 1013 952 1071 nulla
982 1016 1036 1071 aut
1065 1029 1169 1085 parum
1198 995 1282 1070 certa

158 1122 353 1195 relinqueret:
392 1121 421 1179 in
453 1121 516 1190 tali,
547 1120 675 1193 inquam,
709 1120 853 1194 scriptore
885 1123 1053 1178 accuratam
1083 1119 1208 1178 fontium
1238 1118 1282 1176 in·

159 1228 387 1303 vestigationem
429 1244 555 1302 magnas
595 1227 786 1286 difficultates
828 1227 936 1286 habere
978 1243 1031 1299 per
1065 1242 1097 1284 se
1142 1225 1278 1284 elucebit.

159 1335 293 1394 Fuerunt
322 1334 425 1409 igitur,
458 1335 506 1408 qui
535 1339 570 1393 're
601 1335 687 1408 plane
719 1334 876 1408 desperata
909 1333 949 1391 nil
978 1349 1116 1406 umquam
1143 1333 1217 1390 certi
1243 1331 1279 1391 de

160 1442 256 1501 Vellei
281 1441 413 1501 fontibus
437 1441 622 1515 pronuntiari
649 1457 737 1515 posse
762 1440 1030 1518 arbitrarentur19).
1073 1439 1159 1512 Quod
1185 1444 1219 1497 ut
1245 1439 1282 1497 de

161 1549 257 1622 priore
278 1548 375 1622 operis
395 1551 481 1622 parte
501 1548 539 1606 ob
559 1549 678 1606 nimiam
699 1548 853 1621 scriptoris
874 1525 1053 1605 brevitatem
1067 1546 1199 1604 fortasse
1214 1562 1282 1603 con·

161 1657 224 1715 cedi
244 1659 354 1729 potest,
375 1656 420 1714 ita
441 1655 477 1714 de
497 1655 662 1729 posteriore
684 1653 763 1730 (inde
785 1671 803 1711 a
825 1670 888 1727 cap.
904 1653 972 1712 circ.
987 1649 1027 1714 40
1047 1653 1114 1710 libri
1135 1652 1180 1728 ΙΙ)
1200 1655 1282 1710 certe

160 1763 329 1838 negandum
353 1766 409 1822 est.
450 1735 601 1836 Equidem)
621 1778 796 1835 quamquam
822 1761 879 1818 hac
903 1761 934 1819 in
960 1759 1163 1832 disquisitione
1188 1745 1284 1817 multa

160 1871 262 1944 utique
286 1869 472 1928 coniecturae
492 1869 683 1942 relinquenda
704 1885 770 1926 esse
790 1868 883 1927 libere
902 1867 1053 1942 profiteor,
1076 1867 1161 1940 plura
1181 1870 1282 1924 tamen

162 1994 255 2050 eaque
275 1977 453 2052 gravissima
472 1976 605 2035 fontibus
629 1977 690 2034 suis
719 1975 803 2034 reddi
823 1991 911 2048 posse
935 1973 1014 2034 haud
1036 1973 1172 2046 despero:
1204 1971 1283 2030 unde

161 2085 192 2144 id
212 2086 318 2144 saltem
339 2088 530 2144 assecuturus
550 2084 621 2142 mihi
638 2084 752 2154 uideor,
775 2088 810 2141 ut
833 2083 870 2142 de
890 2081 986 2141 Vellei
1007 2080 1138 2139 fontibus
1163 2085 1194 2137 et
1215 2096 1283 2138 auc

162 2193 286 2251 toritate
306 2192 416 2252 certius
441 2193 556 2251 omnino
580 2191 719 2250 iudicium
740 2190 896 2264 proferam.

614 2416 828 2424 ...——-———-

576 2703 796 2796 CAPUT
824 2704 873 2794 ll.

241 2915 419 2988 Priusquam
440 2915 538 2972 autem
552 2913 590 2970 ad
608 2913 702 2985 ipsam
716 2915 851 2970 nostram
865 2911 1045 2984 provinciam
1060 2909 1281 2984 aggrediamur,

161 3022 246 3081 nobis
273 3021 356 3094 quasi
380 3019 600 3080 fundamentum
626 3019 719 3077 totius
749 3017 957 3092 disputationis
987 3017 1124 3098 nectaris·
1151 3017 1284 3076 breviter

162 3134 232 3187 ante
259 3127 411 3187 dicendum
436 3127 494 3186 erit
520 3112 705 3196 donatione,
738 3142 825 3198 quam
846 3125 977 3196 Velleius
1003 3125 1033 3182 in
1059 3124 1205 3183 volumine
1228 3142 1281 3183 suo

235 3343 265 3410 18)
279 3341 311 3396 cf.
327 3340 443 3396 Oasin.
458 3339 495 3395 aa
508 3339 687 3394 norawsni
701 3338 873 3407 inPhilolog.
887 3338 999 3392 xxxv
1012 3337 1104 3407 (isac)
1117 3355 1143 3406 p.
1158 3339 1209 3390 115
1222 3318 1282 3404 sqq‘.

163 3437 192 3486 et
210 3431 237 3485 in
257 3430 336 3486 Stud.
349 3429 467 3484 Vindob.
482 3431 551 3483 1882
569 3447 595 3498 p.
610 3431 661 3483 167
675 3445 714 3496 sq.
734 3459 767 3466 -
785 3428 981 3482 Recentiorcm
994 3425 1114 3482 eiusdem
1133 3425 1167 3480 de
1187 3427 1285 3480 eadem

162 3537 193 3576 re
222 3519 480 3588 disputatiunculam
503 3519 545 3584 ‚da
572 3518 732 3573 rhetoribus
759 3516 853 3572 latinis
879 3515 1094 3572 observationes’
1121 3514 1283 3582 (Oraooriae

165 3609 243 3678 1892)
263 3608 382 3664 nondum
400 3599 535 3676 inspicere
554 3607 640 3676 potui.

243 3699 276 3767 ¹⁹)
294 3699 328 3752 cf.
343 3697 460 3752 Walth.
479 3697 500 3750 J
505 3696 696 3752 udeichium
713 3695 742 3751 in
762 3697 874 3762 ‚Caesar
891 3695 929 3750 im
942 3694 1052 3750 Orient'
1067 3693 1187 3763 (Lipsiae
1202 3693 1284 3761 lasa)

162 3807 188 3856 p.
201 3791 235 3842 41
255 3793 304 3842 not
326 3791 355 3841 1:
378 3786 549 3850 ,Gonaueres
567 3787 639 3840 kann
658 3803 742 3840 man¹
762 3827 768 3840 .
790 3825 796 3838 .
816 3827 822 3838 .
841 3784 933 3840 weder
951 3783 1012 3839 hier
1031 3784 1100 3838 noch
1119 3788 1198 3840 sonst
1216 3783 1286 3838 liber

162 3877 287 3932 Velleius
301 3876 418 3945 Quellcn
432 3875 534 3944 sagen’
562 3874 664 3930 Acrius
677 3875 761 3930 etiam
773 3874 876 3929 iudicat
889 3874 955 3928 Era
964 3878 1060 3928 estus
1079 3872 1116 3926 de
1137 3871 1241 3926 Stern
1253 3871 1282 3926 in

163 3965 292 4032 ,Catilina
312 3965 367 4020 und
390 3963 433 4018 die
450 3963 662 4033 Parteikbmple·
680 3963 708 4018 in
727 3965 798 4018 Rom
816 3963 945 4018 wahrend
964 3963 1015 4017 der
1032 3961 1120 4016 Jahre
1139 3963 1174 4015 66
1184 3961 1282 4015 -1633

162 4056 282 4110 Dissert.
300 4054 417 4124 Dorpat.
438 4055 515 4108 1883.
552 4070 577 4122 p.
598 4055 663 4107 162:
691 4054 797 4120 ‚litwas
815 4051 993 4108 Bostimmtes
1016 4050 1083 4105 dher
1102 4049 1145 4104 die
1165 4049 1282 4118 Quellen

162 4144 333 4200 deslrurzen
351 4140 576 4213 Vellejanischen
594 4141 739 4198 Berichtes
767 4144 837 4198 lasst
865 4142 922 4197 sich
950 4140 1103 4208 uberhaupt
1121 4138 1197 4194 nicht
1215 4140 1283 4193 iest-

163 4235 272 4293 stollen,
298 4233 353 4288 und
371 4230 436 4301 jede
459 4231 540 4287 dahin
559 4231 683 4287 aielende
702 4231 863 4302 Thatigkeit
884 4230 923 4285 ist
942 4227 1162 4286 verschwcndete
1181 4227 1283 4282 iddhe'.
