3266 5292
812 523 1033 581 —12r-

298 681 301 686 ⁴
362 693 507 751 Nostrum
538 710 659 766 prorsus
691 692 884 751 desideratur.
926 692 1066 766 Denique.
1081 692 1107 750 si
1130 694 1218 766 plane
1249 694 1350 751 eadem
1371 695 1484 754 Noster

362 799 486 857 tradidit
511 816 586 872 quae
606 799 739 869 Masalia,
770 817 838 857 num
864 799 933 857 inde
959 799 1045 858 huius
1068 799 1160 857 libros
1180 800 1331 873 inspectos
1352 817 1418 858 esse
1439 817 1483 858 se-

363 906 481 978 quitur?
515 923 611 964 nonne
642 906 717 964 alius
752 907 879 979 scriptor
911 905 1082 964 Messallam
1113 910 1234 964 secutus
1265 908 1378 966 Nostro
1409 907 1483 965 haec

362 1013 533 1086 praebuisse
567 1013 686 1087 potest?
731 1014 833 1086 Atque
867 1015 911 1071 ita
945 1031 1007 1071 rem
1042 1030 1107 1071 sese
1141 1013 1250 1071 habere
1284 1015 1362 1071 infra
1403 1015 1482 1072 vide·

362 1119 466 1177 bimus.

445 1226 615 1284 Posteriora
636 1243 705 1284 vero
728 1226 945 1285 dissertationis
967 1243 1037 1284 suae
1058 1231 1143 1300 parte
1162 1225 1202 1300 (p.
1216 1223 1349 1303 28-47)
1363 1227 1482 1297 Kaisar,

363 1350 436 1405 quos
456 1334 565 1407 legerit
587 1349 622 1390 ac
643 1333 760 1391 noverit
777 1333 910 1392 Velleius
932 1350 1061 1406 quosque
1082 1335 1130 1392 vel
1150 1333 1259 1392 inscius
1281 1334 1327 1392 vel
1349 1335 1482 1393 conscius

362 1440 497 1498 imitatus
518 1440 559 1498 sit
580 1439 749 1512 scriptores
773 1439 975 1498 demonstrare
990 1440 1101 1509 studet,
1123 1441 1200 1499 inter
1215 1457 1288 1513 quos
1303 1439 1481 1510 Ciceronem,

364 1545 547 1616 Sallustium,
579 1546 696 1604 Livium
729 1581 768 1588 —
800 1547 836 1605 de
857 1547 913 1605 hoc
934 1551 1034 1605 tamen
1056 1547 1195 1605 dubitans
1216 1581 1263 1616 -,
1291 1547 1413 1620 denique
1434 1565 1483 1620 po-

363 1657 428 1712 etas
449 1657 592 1722 recenset,

443 1760 528 1827 Haec
549 1760 647 1830 habui,
680 1778 754 1833 quae
786 1765 890 1819 contra
910 1761 1071 1820 Kaiserum
1102 1761 1271 1834 proferrem.
1314 1761 1483 1819 Praeten're

364 1872 463 1924 autem
483 1867 584 1926 licebit
605 1868 685 1938 duos,
713 1868 762 1940 qui
782 1873 852 1942 post
872 1886 938 1926 eum
959 1868 1135 1926 subsiciuam
1155 1873 1191 1926 ut
1210 1869 1294 1926 aiunt
1314 1884 1433 1940 operam
1453 1869 1483 1925 in

362 1975 461 2032 fontes
482 1975 586 2033 Nostri
608 1975 804 2044 contulerunt,
829 1975 1052 2033 Fridericum
1073 1975 1346 2051 Hclbingium¹⁶)
1368 1975 1431 2032 dico
1453 1979 1484 2033 et

362 2081 594 2139 Franciscum
614 2082 852 2159 Faustium¹⁷),
876 2099 999 2155 quorum
1020 2083 1068 2140 ille
1087 2082 1166 2139 haud
1187 2082 1262 2140 satis
1282 2081 1374 2140 firmis
1395 2098 1483 2156 argu-

363 2188 471 2246 mentis
492 2204 564 2246 usus
580 2187 735 2246 Sisennam
756 2206 870 2261 quoque
895 2189 1059 2247 adhibitum
1078 2189 1223 2262 opinatur,
1246 2188 1294 2247 hic
1311 2188 1373 2245 lere
1387 2193 1484 2246 totum

362 2294 400 2353 ad
421 2294 581 2353 Kaiserum
603 2312 636 2353 so
657 2296 793 2369 applicat.
835 2295 971 2353 Fuerunt
997 2296 1129 2369 denique,
1162 2297 1220 2368 qui,
1253 2313 1318 2354 cum
1350 2296 1484 2369 singulas

361 2401 503 2460 historiae
538 2402 711 2460 Vellcianae
746 2407 846 2475 partes
881 2403 1075 2473 illustrarent,
1113 2403 1148 2461 de
1182 2403 1278 2461 Vellei
1313 2402 1483 2460 auctoribus

361 2509 502 2567 nonnulla
522 2509 752 2582 interponerent,
775 2526 848 2582 quos
870 2527 922 2567 suo
945 2527 1090 2583 quemque
1104 2512 1168 2568 loco
1184 2509 1482 2568 commemorabimus.

442 2615 491 2673 Ex
511 2616 548 2674 iis
570 2621 677 2685 autem,
701 2634 775 2688 quae
797 2617 893 2686 attuli,
917 2618 991 2674 satis
1006 2617 1064 2675 iam
1079 2634 1220 2690 apparere
1234 2622 1315 2690 pute,
1338 2617 1484 2689 quaestio-

362 2740 428 2780 nem
451 2723 528 2781 hanc
550 2724 585 2781 de
608 2723 738 2781 lontibus
759 2724 816 2782 etsi
837 2724 1014 2794 incohatam,
1036 2725 1164 2782 nondum
1183 2728 1282 2782 tamen
1296 2723 1485 2797 profligatam

362 2846 457 2901 neque
480 2830 518 2888 ad
539 2830 652 2887 exitum
673 2831 845 2903 perductam
860 2848 934 2888 esse.
966 2830 1073 2903 Itaque
1088 2832 1181 2889 denuo
1197 2847 1261 2889 eam
1275 2829 1485 2888 instituendam

363 2940 452 3008 atque
473 2936 734 3010 redintegrandam
754 2938 825 2995 mihi
845 2939 993 3011 proposui,
1015 2937 1191 3011 praesertim
1213 2955 1278 2995 cum
1298 2938 1328 2995 in
1343 2953 1391 2995 res
1405 2937 1486 3009 ipsas

362 3042 514 3101 aVelleio
546 3025 674 3103 traditas
704 3045 849 3102 neminem
880 3045 975 3102 adhuc
1000 3044 1049 3101 via
1081 3044 1206 3116 quadam
1237 3061 1272 3101 ac
1302 3044 1417 3102 ratione
1443 3043 1485 3100 in-

364 3149 519 3222 quisivisse
539 3151 677 3208 viderem.
721 3151 787 3224 Qua.
807 3151 837 3208 in
858 3169 890 3208 re
921 3151 1000 3210 baud
1031 3150 1148 3208 nescius
1179 3168 1259 3208 eram
1290 3150 1485 3223 periculosum

362 3274 409 3315 me
435 3273 508 3330 opus
534 3273 712 3331 aggressum
738 3275 804 3316 esse
830 3259 998 3330 multaeque
1025 3257 1217 3315 dubitationis
1242 3275 1276 3316 ac
1302 3255 1486 3315 difficultatis

362 3364 486 3438 plenam.
528 3364 663 3436 Namque
683 3365 713 3422 in
735 3364 888 3438 scriptore,
911 3364 959 3437 qui
981 3382 1019 3422 ex
1041 3365 1288 3422 collectaneorum
1307 3363 1391 3422 libris
1411 3364 1484 3421 hau·

363 3471 439 3529 sisse
454 3470 578 3530 ,videtur
597 3488 652 3529 nec
672 3473 722 3529 uni
744 3489 776 3529 se
798 3471 913 3529 addixit
935 3472 1058 3542 auctori,
1091 3472 1143 3530 sed
1163 3472 1334 3545 plerumque
1354 3469 1486 3544 pluribus
1568 3495 1574 3512 ·

364 3577 504 3636 adhibitis
529 3594 583 3636 suo
608 3563 714 3636 iudicio
740 3595 811 3638 usus
837 3583 898 3648 est;
932 3579 980 3651 qui
1006 3580 1100 3637 multa
1127 3579 1313 3649 ememoria,
1333 3578 1427 3636 multa
1448 3593 1486 3633 ex

363 3684 483 3759 ingenio
516 3702 578 3754 suo,
611 3683 697 3744 haud
721 3703 817 3758 pauca
848 3687 937 3744 etiam
969 3703 1006 3744 ex
1038 3686 1190 3744 rhetorum
1222 3684 1330 3744 scholis
1359 3681 1490 3741 oratoris

445 3950 478 4019 ¹⁶)
497 3950 631 4016 ,Velleius
649 3952 821 4007 Paterculus.
858 3951 911 4006 uin
930 3951 1048 4021 Beitrag
1071 3969 1120 4006 zur
1138 3951 1233 4006 Kritik
1252 3949 1342 4006 seiner
1361 3951 1486 4008 Historia

363 4040 505 4095 Romana!
542 4040 663 4095 Dissert.
682 4041 814 4095 Rostoch.
845 4043 922 4094 1888.
946 4059 976 4110 p.
997 4043 1031 4095 12
1050 4057 1108 4109 sqq.

446 4131 477 4199 ¹⁷)
496 4130 540 4184 De
559 4129 651 4185 Vellei
669 4129 810 4184 Paterculi
838 4146 928 4184 rerum
956 4129 1101 4199 scriptoris
1128 4130 1189 4184 fide.
1227 4127 1347 4184 Dissert.
1371 4129 1485 4186 Giessae

365 4219 442 4271 1891,
470 4237 496 4288 p.
515 4221 586 4285 4sq.
610 4219 643 4272 cl.
656 4235 682 4287 p.
696 4222 737 4273 66.
1126 4235 1129 4242 ’
