3266 5292
802 516 1084 574 -16-·

352 703 481 744 errorem
514 686 654 744 seductus
686 686 734 744 sit.
777 685 838 744 Res
865 686 949 755 enim,
981 684 1012 744 id
1037 684 1115 758 quod
1141 685 1290 744 commode
1315 691 1414 744 monet
1439 687 1472 744 J.

352 793 596 869 Beloehius²⁴),
611 793 655 850 ita
669 810 702 851 se
713 792 822 852 habere
834 792 961 863 videtur,
973 796 1008 850 ut
1023 792 1099 850 Cat-o
1115 791 1258 850 ducentos
1269 796 1301 850 et
1315 793 1474 868 sexaginta

353 917 453 968 annos,
487 917 560 972 quos
591 905 670 959 teste
697 899 810 958 Velleio
842 900 921 957 inter
953 898 1084 972 Capuam
1116 899 1264 958 conditam
1294 904 1326 958 et
1356 905 1473 974 captam

352 1005 557 1065 intercessisse
578 1011 682 1065 auctor
702 1007 809 1076 fuerat,
833 1023 893 1065 non
914 1024 952 1065 ex
968 1024 1044 1065 anno
1058 1003 1118 1064 542
1132 1024 1159 1067 a.
1175 1023 1203 1066 u.
1219 1023 1244 1064 c.
1260 1004 1332 1080 (212
1346 1025 1372 1065 a.
1389 1007 1474 1083 Ohr.)

352 1113 559 1183 numeraverit,
586 1131 643 1188 quo
664 1115 741 1173 bello
763 1113 876 1172 Punico
899 1114 1027 1172 secundo
1049 1117 1145 1187 capta
1176 1113 1228 1172 sed
1249 1131 1287 1171 ex
1307 1110 1367 1172 415
1389 1110 1474 1189 (339)

352 1221 400 1279 vel
420 1217 481 1279 439
501 1218 593 1300 (315),
625 1221 676 1279 ubi
708 1239 725 1280 a
756 1221 899 1280 Romanis
929 1222 1054 1295 primum
1087 1224 1232 1294 occupata
1261 1225 1322 1280 est:
1355 1220 1391 1279 ab
1417 1221 1476 1280 hoc

351 1327 446 1402 igitur
476 1345 553 1386 anno
585 1328 720 1387 ducentis
750 1327 808 1386 illis
833 1331 865 1386 et
885 1327 1045 1402 sexaginta
1074 1332 1155 1387 retro
1186 1327 1349 1386 numeratis
1371 1326 1475 1400 Oapua

353 1435 471 1494 condita
502 1435 559 1494 erit
590 1439 718 1494 exeunte
748 1434 811 1493 fere
832 1440 918 1493 sexto
944 1453 970 1494 a.
991 1433 1060 1492 Ohr.
1079 1453 1109 1493 n.
1131 1435 1258 1493 saeculo.
1299 1436 1402 1508 Atque
1430 1435 1474 1492 sic

353 1541 461 1615 optime
483 1543 581 1600 omnia
601 1542 757 1601 convenire
778 1541 936 1600 Beloehius
959 1542 1058 1612 docet3
1082 1542 1244 1600 Tuscorum
1265 1542 1341 1600 enim
1360 1541 1474 1600 colonia

352 1649 425 1707 haee
446 1653 502 1717 est,
524 1666 646 1721 quorum
666 1649 716 1707 illo
737 1649 802 1722 ipso
824 1652 956 1722 tempore
977 1666 1026 1708 res
1047 1649 1173 1708 maxime
1193 1648 1347 1708 florebant.
1391 1649 1475 1722 Quae

352 1755 480 1814 sirecte
501 1761 571 1814 sunt
593 1756 753 1829 disputata,
774 1772 830 1813 nec
851 1773 921 1814 vero
943 1775 962 1815 a
982 1756 1191 1829 probabilitate
1213 1755 1381 1825 abhorrent,
1404 1754 1476 1813 Vel-

352 1862 425 1920 leius
446 1879 598 1935 perperam
619 1863 767 1921 intellexit
788 1864 966 1921 sententiam
981 1863 1184 1921 Catonianam.
1220 1863 1365 1921 Nimirum
1386 1879 1474 1936 prop-

352 1972 444 2038 terea,
467 1969 544 2041 quod
559 1969 703 2028 Catonem
725 1971 829 2044 ipsum,
854 1971 936 2028 cuius
957 1969 1024 2028 libri
1045 1986 1116 2028 sane
1129 1973 1311 2028 vetustatem
1326 1969 1476 2043 sapientes

352 2076 411 2133 iam
425 2075 575 2134 Ciceronis
597 2081 695 2135 aetate
717 2076 745 2134 in
763 2077 908 2136 oblivione
927 2077 1115 2154 iacebant25),
1137 2076 1244 2135 utiam
1259 2076 1393 2147 diximus,
1415 2093 1474 2136 nou

352 2183 490 2256 inspexit,
522 2183 575 2241 sed
606 2184 784 2242 sententiam
814 2184 893 2242 illius
925 2189 977 2242 aut
1003 2183 1144 2242 memoria
1174 2184 1270 2242 tenuit
1302 2188 1362 2253 aut,
1395 2183 1472 2256 quod

355 2289 470 2362 quidem
490 2290 587 2364 magis
608 2290 789 2361 crediderim,
812 2307 849 2348 ex
871 2290 975 2349 eodem
993 2291 1075 2349 fonte
1097 2291 1267 2364 desumpsit
1289 2291 1335 2349 cui
1354 2295 1475 2363 atquae

353 2397 534 2469 praecedunt
555 2396 591 2454 de
611 2397 744 2456 Hesiodo
765 2401 797 2456 et
822 2414 896 2471 quae
918 2403 1079 2470 sequuntur
1105 2397 1140 2455 de
1162 2397 1363 2471 Olympiorum
1389 2398 1474 2456 initio

354 2503 454 2562 debet:
476 2504 589 2562 seilicet
609 2503 737 2563 Cornelii
757 2505 883 2579 Nepotis
905 2505 1058 2564 chronicis.
1091 2521 1094 2530 ’

433 2611 540 2670 Altero
567 2628 638 2670 vero
665 2612 729 2670 loco
757 2611 809 2684 (Π.
835 2609 881 2672 16.
897 2609 939 2689 3.)
964 2611 1069 2670 laudat
1094 2611 1302 2682 Hortensium,
1329 2611 1411 2672 cuius
1437 2629 1474 2670 ex

354 2719 508 2778 annalibus
529 2719 646 2792 plenum
668 2719 704 2778 de
725 2719 837 2778 virtute
852 2719 971 2778 Minatii
985 2718 1089 2794 Magii,
1106 2719 1188 2778 atavi
1203 2720 1257 2789 sui,
1273 2719 1474 2778 testimonium

354 2825 448 2884 affert.
484 2825 572 2883 Unde
593 2830 693 2884 tamen
713 2827 795 2885 nullo
816 2827 903 2886 modo
926 2827 1052 2900 amplius
1074 2826 1231 2899 quidquam
1252 2826 1327 2884 effici
1348 2826 1473 2900 cogique

353 2937 455 3006 potest
475 2950 562 3005 quam
583 2934 704 2992 annales
724 2933 791 2992 illos
812 2933 970 3006 aliquando
991 2951 1057 2992 eum
1077 2934 1253 3008 perlegisse;
1275 2934 1360 3006 plura
1379 2932 1477 3007 igitur

353 3040 515 3100 Hortensio
547 3041 655 3110 deberi,
688 3057 776 3114 quam
807 3058 882 3114 quae
913 3041 970 3099 hoc
995 3057 1053 3098 uno
1078 3040 1143 3099 loeo
1170 3041 1262 3115 allata
1287 3044 1366 3110 sunt,
1392 3039 1475 3098 haud

352 3148 438 3205 facile
459 3148 640 3207 crediderim.

432 3254 538 3327 Itaque
564 3272 629 3313 cum
653 3257 717 3329 ipse
738 3273 792 3314 nos
814 3260 953 3314 auctores
974 3271 1044 3313 suos
1064 3255 1205 3329 ignorare
1224 3254 1360 3322 voluerit,
1386 3253 1475 3312 nobis

352 3361 449 3419 fontes
474 3362 536 3420 eius
561 3362 774 3437 indagantibus
801 3380 837 3420 ea
857 3363 906 3420 via
926 3362 1110 3421 instituenda
1130 3361 1200 3431 erit,
1226 3361 1310 3418 utin
1330 3361 1471 3419 historiae

353 3473 530 3543 argumenta
560 3469 708 3528 intrantes
742 3470 778 3527 de
809 3469 898 3527 rebus
929 3469 1074 3541 factisque
1105 3468 1142 3527 ab
1174 3485 1208 3527 eo
1237 3468 1475 3526 commemoratis

433 3683 467 3750 ²⁴)
495 3682 522 3738 in
552 3681 745 3751 ,Campanien'
775 3682 841 3738 edit.
860 3681 897 3736 Il.
925 3681 1078 3738 Vratislav.
1107 3683 1184 3735 1880.
1218 3699 1243 3750 p.
1267 3685 1284 3735 8
1307 3697 1346 3748 sq.
1375 3709 1408 3720 -
1438 3679 1475 3736 cf.

352 3773 387 3826 H.
407 3771 572 3827 Dielsium
589 3770 618 3826 in
636 3771 732 3827 Herm.
751 3772 845 3827 XXII.
866 3773 956 3841 (1887)
975 3789 1001 3841 p.
1020 3774 1074 3826 416
1092 3788 1132 3839 sq.
1151 3776 1181 3826 et
1203 3769 1266 3825 ibid.
1286 3773 1342 3824 not.
1362 3773 1388 3823 4.
1445 3771 1447 3776 ’

432 3863 464 3931 ²⁶)
484 3861 516 3916 cl.
531 3861 588 3916 uie.
601 3861 682 3916 Brut.
697 3863 738 3921 17,
753 3865 800 3916 65:
821 3861 967 3926 ,Catonem
985 3877 1049 3916 vero
1068 3860 1127 3929 quis
1146 3864 1304 3915 nostrorum
1323 3864 1475 3925 oratorum,

353 3950 397 4018 qui
417 3951 525 4018 quidem
542 3967 614 4004 nunc
633 3955 705 4015 suut,
724 3950 813 4019 legit?
841 3955 889 4005 aut
909 3950 968 4018 quis
986 3949 1064 4006 novit
1084 3948 1210 4004 omnino?
1230 3991 1236 4002 .
1257 3987 1263 4000 .
1283 3987 1290 4001 .
1311 3987 1317 4000 .
1337 3952 1384 4002 66:
1412 3947 1471 4002 Iam

352 4057 418 4095 vero
447 4039 576 4110 Origines
604 4039 662 4094 eius
691 4056 771 4107 quem
797 4040 894 4094 liorem
922 4044 970 4094 aut
998 4039 1069 4107 quod
1096 4039 1187 4094 lumen
1217 4036 1389 4105 eloquentiae
1417 4054 1473 4092 non

350 4129 471 4184 habent?
508 4132 656 4184 Amatores
682 4128 745 4183 huie
773 4129 880 4187 desunt.
909 4128 990 4184 sicuti
1017 4128 1111 4184 multis
1137 4128 1191 4183 iam
1215 4132 1278 4183 aute
1302 4126 1418 4182 saeculis
1442 4131 1475 4181 et-

351 4218 470 4274 Philisto
489 4218 636 4288 Syracusio
650 4223 680 4273 et
697 4217 749 4286 ipsi
768 4216 936 4288 Thucydidi?
