3266 5292
603 519 824 592 *11-

152 706 222 764 bilia
243 710 321 774 sunt,
345 721 418 778 quae
433 704 566 777 pluribus
574 703 617 764 ,de
632 704 741 762 Annali
756 703 815 761 isto
829 720 923 776 nuper
937 705 1075 777 exposuit
1090 703 1277 763 Gonradus
1358 773 1362 782 ι

153 812 401 887 (1161611161)
428 811 549 870 eandem
575 811 622 868 vel
648 810 771 868 similem
792 811 873 868 illum
893 811 1017 868 formam
1039 814 1127 884 atque
1149 813 1275 872 indolem

152 920 292 977 habuisse
313 935 348 976 ao
369 919 464 976 fastos
486 917 668 990 Capitolinos
699 916 785 974 hodie
817 920 981 987 exstantes,
1014 919 1082 990 quin
1109 920 1197 978 etiam
1220 922 1276 980 1166

151 1028 233 1099 ipsos
243 1024 413 1083 fastos-id
423 1024 500 1098 quod
510 1025 568 1082 iam
577 1028 647 1081 ante
658 1040 723 1082 eum
734 1024 902 1096 suspicatus
912 1028 979 1081 erat
988 1023 1278 1104 H.Matzatius¹⁶)

153 1167 189 1174 —
226 1150 263 1190 ex
295 1131 392 1189 Attici
422 1131 497 1189 libro
529 1134 686 1203 excerptos
718 1147 783 1188 esse
815 1129 879 1188 eliis
911 1147 948 1188 ex
978 1130 1092 1189 indiciis
1112 1132 1190 1191 haud
1214 1134 1276 1192 sine

152 1256 264 1314 magne
284 1239 420 1297 161116116
442 1237 539 1311 speeie
560 1237 694 1296 coniecit.
737 1237 821 1310 Quae
842 1254 908 1294 omn
928 1236 972 1295 ita
993 1238 1062 1308 sint,
1094 1257 1162 1297 num
1195 1245 1277 1299 recte

154 1347 263 1404 dieitur
277 1346 425 1403 Annalem
447 1345 484 1402 ad
505 1345 688 1418 propositum
702 1343 798 1401 Vellei
812 1344 860 1401 vel
875 1344 1002 1402 maxime
1016 1345 1108 1404 111666
1121 1347 1277 1405 idoneum?

233 1452 291 1510 His
312 1453 405 1526 igitur
426 1452 568 1524 expositis
594 1456 624 1509 et
640 1451 797 1524 perpensis
819 1467 862 1520 ea,
885 1467 959 1522 quae
980 1451 1093 1510 Kaisar
1114 1452 1149 1510 de
1169 1453 1276 1512 Attico

153 1560 249 1618 Vellei
284 1560 314 1616 in
348 1559 445 1632 priore
480 1559 577 1631 operis
608 1563 693 1630 parte
725 1562 847 1616 auctore
879 1558 1012 1628 coniecit,
1048 1575 1151 1631 pamm
1186 1560 1278 1620 firmis

155 1667 340 1741 argumentis
371 1665 426 1724 niti
456 1664 579 1738 ideoque
604 1665 629 1722 si
654 1682 713 1722 uon
737 1665 891 1734 reicienda,
925 1669 1006 1723 certe
1030 1666 1060 1722 in
1083 1666 1169 1724 dubio
1191 1668 1277 1725 relin-

153 1772 273 1846 quenda
294 1789 361 1831 6666
381 1789 496 1833 censeo.
1159 1833 1163 1842 ¹

234 1880 308 1938 Inde
329 1897 347 1937 a
369 1897 431 1952 cap.
453 1876 493 1936 49
513 1878 579 1936 libri
600 1878 632 1935 Π
653 1895 746 1950 usque
767 1878 805 1935 ad
827 1895 890 1951 cap.
906 1875 954 1948 90,
977 1879 1054 1937 unde
1076 1896 1146 1938 suae
1167 1881 1276 1940 aetatis
1390 1955 1392 1958 v

154 1988 309 2045 historiam
335 1987 463 2044 seribere
487 1985 590 2058 incipit
610 1984 752 2053 Velleius,
786 1984 896 2042 Kaiser
920 1986 1008 2043 alium
1034 1987 1143 2044 fontem
1166 1987 1277 2046 adhibi·

155 2099 219 2152 tum
241 2111 307 2152 esse
327 2097 417 2167 putat
436 2092 510 2150 libro
532 2090 629 2150 annali
650 2092 743 2149 multo
765 2091 937 2162 uberiorem,
960 2109 1045 2164 quem
1067 2092 1179 2152 Valerii
1200 2095 1278 2152 Mes-

156 2201 246 2258 sallae
271 2199 391 2258 (1611111
418 2199 543 2269 ,Bellum
570 2197 663 2256 civile'
689 2197 780 2256 fuisse
805 2197 873 2256 inde
899 2197 1007 2256 conicit
1031 2197 1071 2271 (p.
1093 2195 1133 2258 26
1153 2205 1214 2258 161.
1238 2197 1276 2277 1),

156 2307 233 2379 quod
255 2306 400 2365 derebus
421 2305 539 2363 levioris
560 2305 701 2362 momenti
728 2304 764 2363 eb
785 2305 835 2363 illo
856 2305 1102 2373 commemoratis
1135 2308 1217 2365 velut
1243 2308 1278 2366 de

155 2414 244 2472 Mena
264 2410 313 2471 73.
334 2409 354 2471 2
375 2409 475 2471 6174.
497 2408 517 2469 4
538 2429 573 2470 66
595 2411 630 2469 de
651 2411 748 2470 Dellio
770 2409 819 2470 84.
834 2409 864 2480 3,
886 2412 988 2471 eadem
1009 2413 1123 2470 Noster
1144 2414 1277 2473 tradidit

156 2521 202 2578 At
223 2520 401 2578 6116111111
422 2518 526 2577 doctus
547 2518 706 2576 16116161
727 2519 845 2576 nomina
865 2519 962 2593 magis
984 2536 1072 2592 quam
1092 2537 1141 2578 res
1160 2538 1277 2580 curans.

157 2627 297 2686 Messalla
317 2627 393 2686 enim
414 2630 493 2684 teste
514 2623 657 2684 Suetonio
679 2624 744 2698 (vit.
759 2626 841 2699 Aug.
857 2623 908 2702 74)
930 2631 1036 2684 616161
1058 2626 1114 2684 luit
1133 2628 1278 2686 neminem

157 2750 294 2807 umquam
314 2732 518 2792 libertinorum
539 2733 576 2791 ab
597 2733 739 2806 Augusto
761 2749 851 2790 66166
876 2732 1040 2792 adhibitum
1066 2751 1132 2793 6666
1153 2739 1278 2808 excepto

156 2840 253 2911 Mena,
285 2840 337 2899 sed
369 2843 484 2898 6666116
515 2838 546 2897 11
575 2839 791 2912 ingenuitatem
823 2844 892 2912 post
921 2840 1069 2914 proditam
1096 2839 1127 2899 S.
1154 2842 1278 2915 Pompei

156 2948 289 3005 classem.
330 2947 412 3005 Nihil
444 2945 584 3004 eiusmodi
615 2944 693 3018 apud
726 2945 879 3016 Velleium,
913 2947 970 3018 qui,
1003 2965 1067 3006 cum
1098 2947 1204 3006 Menae
1228 2949 1278 3008 1116

156 3053 197 3126 (11.
219 3055 272 3130 ll),
306 3053 357 3112 sed
388 3071 448 3112 una
479 3071 544 3111 eum
575 3053 746 3112 Menecrate
776 3053 953 3112 mentionem
985 3054 1085 3123 faciat,
1118 3055 1180 3114 eius
1212 3074 1278 3115 cum

155 3161 299 3234 Augusto
320 3161 485 3219 convivium
506 3177 565 3218 non
587 3164 803 3218 commemorat.
845 3161 951 3219 Altero
973 3165 1072 3219 autem
1094 3163 1168 3231 loeo,
1192 3179 1277 3235 quem

154 3267 323 3341 fragmento
337 3267 495 3326 Messallae
516 3267 594 3340 apud
610 3265 713 3329 Senee.
746 3265 832 3326 Sues.
847 3266 903 3326 1.7
925 3274 1044 3326 6611616
1067 3269 1190 3328 similem
1212 3286 1277 3328 esse

153 3374 219 3431 vult
238 3373 357 3443 Kaisar,
389 3392 459 3432 num
492 3374 593 3434 eadem
615 3375 768 3447 utriusque
799 3375 931 3433 narratio
953 3375 1051 3445 luerit,
1084 3377 1277 3436 subdubitare

153 3480 231 3538 licet.
273 3481 405 3540 Primum
427 3482 502 3539 enim
523 3482 571 3540 hic
591 3483 695 3542 mutila
716 3487 801 3541 erant
822 3481 931 3540 codicis
949 3482 1153 3542 Murbacensis
1173 3484 1275 3554 verba,

153 3593 196 3655 ut,
228 3604 404 3661 quamquam
434 3590 517 3648 locus
548 3590 679 3664 egregiis
710 3589 805 3664 Lipsii
837 3594 868 3647 et
898 3589 1068 3648 Ruhnkenii
1100 3591 1277 3649 coniecturis

148 3693 312 3754 'restitutus
334 3700 390 3765 661,
423 3703 532 3765 temen,
554 3697 622 3769 quid
649 3714 753 3757 revera
773 3696 927 3770 scripserit
948 3697 1089 3767 Velleius
1121 3698 1277 3756 nonsatis

152 3801 271 3874 liqueat.
313 3802 387 3860 'lum
408 3818 488 3872 vero,
519 3802 549 3860 id
571 3802 648 3876 quod
668 3803 791 3877 gravius
813 3809 867 3872 est,
900 3803 1077 3873 ,desultoris’
1098 3804 1169 3862 illud
1190 3821 1276 3862 voca·

152 3908 260 3979 bulum,
283 3909 360 3981 quod
383 3907 530 3967 Corvinus
551 3913 630 3968 16616
652 3907 765 3969 Seneca
786 3909 864 3986 (1.1.)
899 3911 996 3970 Dellio
1017 3909 1175 3980 indiderat,
1198 3911 1276 3984 apud

233 4069 264 4131 ¹⁴)
284 4067 327 4122 De
351 4067 432 4122 lastis
456 4067 644 4124 consularibus
663 4069 861 4135 antiquissimis
880 4068 907 4125 in
928 4068 1006 4125 Stud.
1028 4068 1102 4138 Lips.
1121 4069 1163 4124 IX
1183 4069 1274 4138 (1887)

151 4173 177 4224 p.
196 4159 249 4210 245
268 4173 326 4226 sqq.

233 4244 313 4312 11)11
333 4245 499 4314 Chronolog.
518 4247 599 4300 Rom.
617 4247 632 4300 I
650 4263 675 4314 p.
696 4250 749 4300 353
769 4252 827 4301 not.
847 4251 871 4300 2.
