3266 5292
801 507 1021 566 ..pg-

351 676 459 734 statuit
479 675 705 740 Hermannus
723 676 958 753 Hauptius⁸⁴);
981 692 1068 750 porro
1090 675 1206 734 siidem
1221 674 1344 734 cedit'in
1359 677 1470 750 Ampe·

351 782 470 859 liumffi),
502 799 627 856 quocum
656 783 802 841 Nostrum
833 782 1041 857 cognationem
1072 782 1218 855 quendam
1249 782 1358 841 hebere
1382 783 1469 842 modo

351 889 489 948 vidimus:
522 906 619 947 nonne
651 888 739 948 etiam
766 889 829 947 veri
861 889 954 948 simile
987 890 1027 948 sit
1056 889 1184 963 Nepotis
1215 889 1305 948 libros
1334 889 1370 947 de
1397 889 1469 947 viris

351 995 516 1054 illustribus
543 995 656 1054 fontem
683 995 774 1054 fuisse
802 1013 867 1053 oum
894 995 1164 1066 Pseudo-Victori,
1193 1000 1228 1054 ut
1254 996 1385 1054 nonnulli
1412 997 1471 1054 iam

352 1103 592 1178 eonieoeruntr),
626 1107 690 1160 tum
720 1103 852 1161 Nostro?
885 1135 925 1146 -
957 1102 1068 1161 Verum
1094 1102 1175 1161 haud
1201 1102 1307 1177 ignoro
1342 1102 1378 1161 ab
1404 1103 1469 1162 aliis

352 1209 587 1283 doctissimisque
613 1208 683 1268 viris
708 1210 795 1278 huno,
824 1210 873 1282 qni
897 1210 975 1267 inter
999 1210 1167 1283 Ampelium
1191 1214 1222 1267 et
1245 1210 1409 1269 Auctorem
1434 1209 1470 1268 de

351 1316 406 1375 vir.
434 1316 473 1374 ill.
502 1316 667 1385 intercedit,
697 1333 871 1375 consensum
899 1316 936 1374 ad
950 1316 1105 1391 Hyginum
1132 1316 1285 1390 referri³⁷),
1315 1321 1347 1374 et
1372 1317 1471 1376 hercle

352 1423 414 1481 fleri
441 1423 556 1495 nequit,
589 1428 624 1481 ut
657 1441 694 1480 ex
727 1423 828 1497 paucis
860 1423 918 1482 illis
949 1423 1063 1482 indiciis
1090 1439 1139 1481 res
1166 1423 1204 1480 ad
1237 1422 1377 1496 liquidum
1405 1441 1471 1482 oon·

353 1530 519 1603 fessumque
552 1529 740 1604 perducatur.
792 1530 980 1604 Quapropter
1012 1547 1049 1588 ex
1081 1531 1245 1603 periculoso
1277 1530 1334 1589 boo
1365 1530 1471 1588 itinere

354 1637 459 1711 pedem
487 1636 618 1694 referens
642 1636 775 1709 equidem
791 1637 866 1695 satis
884 1636 987 1706 habeo,
1017 1653 1082 1694 eam
1095 1636 1249 1695 materiam
1262 1636 1470 1712 investigasse,

353 1760 428 1816 quac
455 1760 514 1801 non
543 1759 580 1800 ex
607 1747 751 1817 perpetua
778 1744 905 1816 quadam
931 1745 1065 1814 historia,
1099 1743 1150 1802 sed
1179 1761 1217 1801 ex
1244 1743 1315 1801 vitis
1341 1744 1469 1802 viro1um

352 1851 400 1910 vel
427 1851 457 1908 in
484 1849 560 1909 belle
588 1850 635 1908 vel
662 1851 693 1908 in
720 1854 795 1925 toga
822 1850 987 1920 illustrium,
1016 1851 1117 1924 quales
1144 1851 1175 1908 in
1203 1867 1287 1924 capp.
1315 1847 1352 1908 18
1377 1855 1417 1908 et
1433 1847 1471 1909 19

354 1956 391 2014 ab
418 1956 555 2030 Ampelio
588 1961 810 2027 enumerentur,
845 1957 1020 2032 deprompta
1049 1956 1180 2015 videtur:
1215 1973 1302 2029 quem
1332 1957 1357 2014 si
1385 1956 1471 2015 deno·

353 2068 467 2134 tenero,
495 2065 561 2137 ipsa
587 2063 706 2122 nomina
733 2064 879 2137 expiscari
906 2064 957 2122 vix
986 2063 1142 2137 quidquam
1169 2063 1314 2122 intererit.

434 2171 484 2229 Ad
508 2171 692 2245 propositum
712 2171 805 2245 igitur
828 2188 966 2229 reversus
992 2170 1149 2229 diiudicare
1170 2187 1229 2228 non
1250 2170 1352 2240 ausim,
1374 2175 1473 2228 utrum

355 2278 393 2336 ad
429 2277 584 2336 Mummii
611 2277 704 2336 vitem
737 2279 849 2336 Noster
886 2278 1052 2352 respexerit
1082 2295 1182 2347 necne,
1222 2293 1405 2350 quamquam,
1443 2277 1474 2334 ni

354 2385 454 2454 fallor,
486 2385 627 2443 nonnulla
659 2385 720 2444 eius
753 2385 883 2459 vestigia
915 2388 1068 2459 apparent.
1123 2385 1202 2442 Nam
1235 2384 1313 2457 quod
1345 2384 1417 2442 dicit
1448 2382 1472 2440 I.

357 2488 403 2550 13.
428 2489 448 2550 3
472 2508 510 2550 ex
533 2492 618 2550 novIs
642 2491 807 2550 homimbus
831 2493 975 2550 neminem
999 2492 1125 2565 priorem
1149 2491 1289 2550 Mummio
1311 2506 1475 2564 cognomen

355 2599 468 2656 virtute
492 2603 609 2672 partum
636 2597 801 2656 vindicasse
825 2594 1081 2676 (ef.11.128.2),
1106 2600 1234 2671 itemque
1259 2597 1337 2671 quod
1360 2613 1474 2655 morum

354 2707 415 2764 eius
443 2709 650 2780 argumentum
684 2705 771 2763 affert
796 2705 867 2764 ibid.
895 2703 928 2764 4:
963 2710 1051 2779 cepta
1079 2705 1223 2764 Corintho
1257 2722 1322 2764 cum
1354 2704 1473 2763 tabulas

354 2829 389 2871 ao
417 2816 535 2871 statuas
562 2813 592 2869 in
619 2811 737 2870 Italiam
764 2813 927 2885 pertendes
953 2813 1080 2882 locaret,
1114 2812 1241 2871 edixisse
1273 2829 1338 2871 eum
1366 2810 1474 2869 condu-

355 2919 490 2977 centibus
517 2936 570 2992 pro
598 2918 721 2992 perditis
748 2936 846 2978 novas
871 2919 1036 2978 reddendas
1064 2936 1143 2978 esse:
1183 2935 1218 2976 ea
1242 2918 1293 2977 vix
1317 2935 1354 2976 ex
1382 2917 1473 2976 hitto-

354 3026 418 3084 rico
446 3026 527 3084 fonte
556 3025 698 3100 originem
726 3029 892 3084 traxerunt.
934 3025 1067 3084 Eandem
1094 3026 1165 3084 mihi
1193 3025 1388 3099 suspicionem
1414 3041 1474 3082 mo·

356 3137 429 3191 vent
459 3132 599 3191 nonnulla
631 3131 666 3190 de
695 3131 839 3191 Gracchis
865 3133 907 3190 II.
935 3130 954 3190 2
982 3137 1014 3189 et
1040 3129 1073 3202 3;
1105 3130 1126 3190 6
1153 3137 1184 3191 et
1211 3129 1230 3190 7
1258 3132 1350 3205 deque
1377 3130 1476 3189 Mario

357 3238 393 3298 11
423 3245 454 3298 et
483 3237 521 3298 12
548 3239 673 3309 tradita,
703 3256 778 3312 quae
806 3239 912 3297 similia
939 3239 1063 3312 quidem,
1093 3239 1145 3297 sed
1172 3239 1270 3312 magis
1299 3239 1388 3296 etiam
1416 3254 1475 3294 am·

438 3456 473 3520 ³⁴¹)
491 3452 519 3507 in
539 3452 683 3522 ,Philolog
703 3452 852 3522 Anzeiger’
871 3452 899 3506 X
918 3452 1056 3521 (1879180)
1076 3470 1101 3521 p.
1120 3455 1182 3506 403.

438 3553 471 3620 ³⁵)
491 3551 525 3607 cf.
544 3552 577 3604 u.
595 3549 850 3614 Woelfflinium,
879 3549 912 3606 de
932 3550 965 3604 1..
984 3550 1104 3619 Ampelii
1122 3549 1184 3605 libr.
1203 3565 1316 3604 memor.
1353 3549 1475 3604 Dissert.

359 3641 485 3710 Gotting.
506 3643 583 3695 1858.
602 3658 628 3710 p.
642 3644 676 3694 32
689 3656 747 3708 sqq.
767 3639 876 3694 Herm.
896 3639 1091 3708 Hauptium,
1110 3639 1143 3694 de
1158 3643 1228 3694 cuct.
1242 3639 1275 3693 de
1289 3638 1340 3694 vir.
1354 3637 1392 3693 ill.
1405 3637 1476 3693 libro

359 3729 534 3799 quaestiones
552 3729 674 3784 historic.
704 3729 823 3784 Dissert.
836 3727 999 3798 Virceberg.
1028 3727 1203 3783 Francqurti
1226 3731 1295 3783 1876
1313 3745 1339 3796 p.
1353 3731 1387 3781 27
1400 3743 1441 3794 sq.

440 3837 473 3907 86)
492 3836 579 3893 veluti
597 3837 634 3891 H.
646 3836 817 3905 Hauptius
836 3836 853 3890 l.
867 3836 885 3890 l.
899 3854 925 3905 p.
938 3837 973 3890 36
986 3841 1016 3890 et
1028 3834 1173 3905 ,Philolog
1186 3834 1335 3904 Anneiger'
1349 3834 1399 3889 l.1.
1429 3833 1476 3888 Jo.

359 3927 577 3982 Rosenbnuer
595 3925 624 3981 in
643 3925 786 3995 ‚Philolog
799 3925 947 3994 Anzeiger'
966 3925 1040 3980 XIII
1053 3925 1144 3995 (1883)
1163 3942 1188 3993 p.
1203 3927 1263 3979 744.

441 4035 472 4102 ³⁷)
493 4033 525 4088 ef.
545 4033 578 4088 H.
597 4031 855 4092 Woelfflinium,
876 4031 909 4087 de
929 4033 961 4086 1..
975 4031 1096 4100 Ampelii
1114 4031 1175 4086 libr.
1197 4048 1310 4087 memor.
1332 4049 1357 4101 p.
1371 4035 1405 4085 35
1418 4047 1476 4098 sqq.

359 4123 394 4178 H.
408 4122 728 4183 Hildesheimerum,
749 4121 782 4176 de
802 4120 872 4176 libro
892 4121 937 4190 qui
955 4120 1114 4176 inscribitur
1136 4121 1169 4176 de
1188 4119 1240 4176 vir.
1259 4119 1298 4175 ill.
1311 4138 1337 4175 u.
1350 4121 1383 4175 R.
1397 4135 1477 4189 quee-

361 4211 465 4268 stiones
483 4211 638 4267 historicae.
666 4211 786 4266 Dissert.
805 4210 897 4266 Berol.
919 4213 996 4266 1880.
1015 4229 1041 4280 p.
1060 4214 1095 4265 23
1114 4227 1172 4278 sqq.
