3266 5292
626 549 847 607 -qq-

178 733 320 793 expressa
339 737 399 778 non
419 720 513 777 solum
535 723 721 792 exposuerat,
749 719 863 791 qualem
883 720 914 778 in
933 719 1062 792 imperiis
1083 737 1118 779 ao
1138 720 1297 794 magistra-

178 826 258 885 tibus
271 843 344 900 pace
357 825 492 899 belloque
506 842 539 884 se
552 826 706 900 gessisset,
721 825 775 883 sed
789 826 878 884 etiam
891 826 1061 884 interiorem
1075 844 1110 886 ao
1123 826 1295 886 familiarem

178 933 241 991 eius
260 933 352 996 vitam
374 932 535 1006 quibusque
555 932 685 991 moribus
708 932 785 990 domi
806 936 837 990 et
856 931 938 990 inter.
949 949 1018 991 suos
1032 933 1167 1007 privatus
1182 933 1298 1008 egisset

178 1039 383 1113 descripserat.
414 1039 555 1098 Eiusdem
575 1039 666 1098 fontis
687 1038 816 1113 vestigia
837 1043 867 1097 ct
887 1043 992 1112 postca
1013 1039 1077 1098 aliis
1097 1040 1127 1097 iu
1148 1040 1236 1098 rebus
1258 1040 1297 1098 de

176 1146 318 1222 Pompeio
340 1145 447 1216 allatis,
469 1163 543 1219 quae
565 1145 602 1204 ad
623 1163 688 1204 eum
709 1146 804 1204 solum
824 1151 969 1221 spectant,
991 1147 1084 1205 latere
1102 1146 1294 1221 videntur³⁸l;

177 1254 296 1328 singula
315 1259 414 1312 tamen
434 1254 460 1312 si
481 1253 555 1326 quis
567 1253 793 1327 detegerevult,
817 1270 930 1324 vereor,
952 1258 987 1311 ut
1006 1253 1129 1311 multum
1150 1253 1295 1328 proficiat.

256 1360 356 1434 Magis
377 1360 466 1418 ctiam
487 1359 523 1418 ab
545 1360 669 1418 historia
690 1358 727 1418 ad
746 1367 897 1439 βιογραφίαν,
918 1364 953 1418 ut
968 1359 1083 1419 Graeco
1104 1359 1194 1419 verbo
1215 1365 1292 1430 utar,

175 1466 308 1525 Velleius
340 1466 458 1525 deflexit
486 1467 517 1524 in
549 1465 712 1525 ansarc.
761 1465 851 1525 Curius
882 1466 932 1525 ubi
962 1467 1085 1542 primam
1116 1469 1293 1526 mentionem

175 1573 248 1632 facit
272 1591 336 1649 cap.
357 1571 396 1631 41
421 1573 514 1643 initio,
536 1573 592 1632 viri
611 1573 823 1647 magnitudine,
849 1577 885 1631 ut
905 1574 957 1643 ait,
984 1575 1093 1633 morari
1114 1579 1234 1632 coaetus
1255 1573 1293 1632 ad

176 1698 270 1756 genus
301 1680 497 1754 familiamque
525 1681 587 1739 eius
608 1681 735 1739 recurrit
755 1686 854 1739 atres
875 1681 914 1739 ad
934 1682 1120 1740 consulatum
1140 1697 1234 1754 usque
1255 1681 1294 1740 ab

176 1805 210 1846 eo
232 1788 418 1847 adolescente
432 1788 480 1844 vel
500 1787 604 1846 iuvene
625 1791 729 1861 gestas
750 1787 807 1846 hoe
829 1787 1007 1861 duobusque,
1031 1805 1105 1861 quae
1120 1795 1292 1861 sequuntur,

175 1895 320 1970 capitibus
341 1895 415 1953 satis
436 1894 553 1969 copiose
574 1893 726 1962 deseribit;
749 1911 806 1967 quo
827 1894 907 1953 iacto
929 1911 992 1967 cap.
1014 1891 1055 1952 44
1074 1894 1157 1953 initio
1178 1895 1293 1954 verbis:

175 2003 241 2073 ,hoc
270 2002 385 2077 igitur
416 2000 544 2061 consule'
572 2002 609 2060 ad
633 2001 787 2059 historiam
817 2001 1018 2076 propositique
1050 2001 1146 2076 operis
1168 2000 1292 2060 formam

175 2126 208 2167 se
227 2114 357 2169 revocat.
399 2109 501 2182 Atque
521 2109 551 2166 in
572 2109 618 2166 his
647 2106 763 2180 quidem
794 2107 940 2182 capitibus
972 2124 1038 2165 eum
1067 2124 1126 2165 non
1158 2113 1292 2166 secutum

176 2232 240 2274 esse
261 2216 443 2291 scriptorem,
466 2215 514 2287 qui
535 2219 678 2290 perpetua
699 2213 896 2287 disputatione
916 2213 1069 2272 historiam
1090 2219 1291 2286 enarraverat,

173 2323 204 2380 in
224 2323 379 2398 propatulo
402 2326 457 2380 est.
500 2319 559 2380 Sed
580 2322 708 2380 fortasse
730 2321 818 2379 etiam
839 2321 959 2390 fontem,
991 2321 1086 2393 qualis
1106 2320 1204 2390 luerit,
1226 2338 1290 2396 per·

175 2430 286 2505 spicere
306 2429 355 2487 hie
375 2428 471 2487 liceat.
513 2428 561 2487 Aa
581 2428 717 2486 Rankius
739 2427 863 2501 quidem,
896 2428 944 2501 qui
970 2427 1095 2500 singulis
1116 2426 1205 2485 rebus
1226 2445 1291 2503 per·

103 2511 112 2524 ¹
174 2537 272 2612 pensis
302 2536 396 2609 iisque
427 2553 491 2594 cum
517 2535 647 2604 aliomm,
679 2534 834 2593 Plutarchi
855 2533 952 2608 (Caes.
976 2532 992 2592 1
1015 2536 1091 2610 sqq.)
1112 2535 1238 2592 maxime
1260 2539 1291 2592 et

171 2642 303 2703 Suetonii
334 2641 432 2716 (ans.
467 2639 484 2699 1
517 2643 602 2717 sqq),
638 2641 858 2700 narrationihus
893 2642 1070 2717 comparatis
1104 2641 1221 2699 veriora
1255 2659 1290 2700 ac

170 2749 367 2826 probabiliora
381 2751 524 2808 Nostrum
539 2765 626 2821 quam
641 2751 756 2806 ceteros
771 2765 872 2806 omnes
885 2748 1043 2806 tradidisse
1055 2747 1289 2824 demonstrat³⁹),

172 2873 206 2915 co
226 2857 366 2916 inclinare
386 2856 512 2926 videtur,
543 2860 578 2913 ut
597 2855 627 2912 in
647 2855 695 2913 his
715 2855 811 2912 inesse
833 2854 943 2925 credat,
976 2872 1051 2927 quae
1072 2872 1110 2912 ex
1131 2854 1197 2929 ipsa
1217 2854 1292 2913 an-

171 2980 270 3022 sarum
295 2964 379 3022 domo
404 2963 492 3022 fando
519 2962 665 3022 audiverit
690 2961 867 3038 scriptor.⁴⁰)
909 2961 996 3034 Quod
1022 2961 1101 3020 haud
1122 2961 1165 3019 ita
1186 2980 1204 3019 a
1224 2979 1291 3037 pro-

169 3069 322 3129 babilitate
353 3070 501 3129 abhorret.
554 3069 695 3127 Narratio
727 3068 803 3127 enim
831 3069 867 3126 dc
899 3069 961 3126 eius
992 3067 1090 3126 reditu
1110 3068 1139 3126 in
1161 3068 1288 3139 Italiam,

170 3194 244 3250 quac
264 3177 341 3252 apud
361 3178 472 3234 nullum
494 3177 590 3245 alium,
623 3176 673 3249 qui
697 3176 784 3234 hodic
810 3179 938 3245 exstant,
970 3175 1147 3250 scriptorum
1178 3175 1291 3250 legitur

169 3280 230 3360 (43.
252 3281 284 3341 2:
311 3284 495 3359 ,conspectis
521 3288 556 3341 ut
576 3282 709 3359 putabat,
738 3283 898 3358 piratarum
923 3281 1047 3341 navibus
1069 3299 1135 3340 aum
1157 3283 1289 3340 exuisset

249 3463 281 3530 ³⁸)
300 3459 389 3515 veluti
407 3463 449 3514 31.
471 3461 494 3520 1,
523 3459 568 3515 ubi
595 3465 691 3514 namot
710 3458 845 3524 Velleius
872 3458 900 3513 id
923 3458 994 3526 quod
1008 3475 1147 3526 ,nusquam
1175 3458 1288 3528 legitur,

169 3550 307 3605 consulem
335 3566 395 3603 eum
423 3566 553 3618 perquam
580 3549 756 3605 laudabiliter
783 3549 887 3603 iurasse
906 3565 936 3602 se
954 3547 983 3602 in
1001 3548 1103 3602 nullam
1121 3545 1288 3616 provinciam

169 3656 204 3694 ex
222 3656 254 3693 eo
272 3636 437 3707 magistratu
455 3638 572 3705 iturum;
600 3639 645 3694 vel
664 3638 748 3694 etiam
767 3641 811 3703 33,
829 3641 860 3690 4:
889 3636 1034 3692 Lucullum
1062 3637 1094 3690 ab
1124 3654 1156 3691 eo
1175 3637 1288 3691 Xerxen

168 3733 295 3797 togatum
314 3731 440 3783 vocatum
459 3744 528 3782 esse.
567 3726 612 3798 [el.
630 3727 702 3782 Plin.
723 3727 773 3782 IX.
793 3731 840 3790 543
869 3725 1034 3780 Plutarchus
1059 3730 1150 3780 autem
1169 3726 1287 3795 (Lucull.

167 3819 211 3886 39)
231 3814 368 3871 'luberoni
388 3814 481 3870 Stoica
500 3815 568 3871 illud
587 3816 687 3872 dictum
711 3813 830 3886 tribuit]

248 3907 279 3972 ⁸⁹)
300 3906 317 3960 l.
337 3905 354 3959 l.
374 3922 399 3973 p.
418 3907 471 3959 270
490 3922 544 3972 sq.;
564 3905 597 3959 ef.
616 3923 642 3974 p.
663 3909 715 3960 323
738 3921 795 3972 sqq.

247 3997 281 4064 ⁴⁰)
300 3994 317 4049 l.
337 3994 354 4048 l.
374 4011 400 4062 p.
420 3996 485 4048 323:
524 3993 580 4054 ‚Ich
608 3994 715 4063 glaube,
744 3994 819 4048 diesc
838 3991 958 4048 Version
980 3991 1023 4061 (de
1042 3990 1173 4046 ministris
1192 3991 1287 4046 Sullae

167 4082 389 4150 adiutoribusque
417 4082 536 4152 partium
559 4083 646 4151 magis
665 4100 746 4151 quam
764 4081 822 4152 ipso
843 4081 991 4136 Gaesarem
1009 4080 1043 4134 ad
1061 4095 1157 4136 nocem
1175 4080 1285 4148 conqui-

166 4173 300 4242 rentibus)
328 4171 366 4226 ist
385 4171 576 4232 vorzuaichen
606 4171 640 4226 da
657 4172 783 4227 Velleius
812 4189 860 4226 aus
889 4170 950 4226 dem
974 4169 1068 4224 Hause
1097 4169 1145 4223 der
1164 4169 1287 4224 Otsaren

167 4261 225 4317 eine
244 4260 438 4317 unmittelbare
457 4261 556 4316 Kunde
576 4261 678 4331 gehabt
696 4261 785 4316 haben
803 4261 894 4315 hann’
