3266 5292
631 502 852 560 -27-

179 675 272 750 higna
296 677 375 732 sunt.
418 671 619 732 Confidentius
643 673 702 730 iam
725 672 853 730 vitarum
882 672 1019 747 scriptori
1044 672 1204 744 tribuerim,
1227 691 1302 746 qnae

182 782 218 840 de
248 781 291 840 Μ.
323 780 428 839 Livio
461 780 578 838 Druso
610 783 780 838 narrantur.
832 779 953 838 Dictum
987 779 1063 838 enim
1100 780 1185 850 illud,
1224 780 1302 852 quod

181 889 308 949 moriens
337 886 442 946 edidit:
472 887 670 960 ‚ecquandone
698 886 821 945 similem
848 886 904 944 mei
933 886 1026 946 civem
1053 885 1176 945 habebit
1203 904 1303 960 respu-

181 994 287 1054 blicai'
316 990 376 1068 (14.
404 991 450 1070 2),
480 993 557 1067 qnod
586 1011 604 1051 a
630 994 748 1068 vulgari
777 993 907 1052 scientia
937 1009 1059 1067 prorsus
1092 992 1234 1052 abhorret
1264 1026 1304 1034 -

182 1119 276 1175 neque
316 1101 392 1160 enim
431 1101 500 1159 ahbi
532 1117 656 1173 usquam
687 1100 799 1174 legitur
831 1133 884 1168 -‚
922 1101 1051 1173 itemque
1082 1100 1304 1158 narratiuncula

183 1213 302 1283 praeter
324 1209 467 1267 Nostrum
503 1225 522 1265 a
550 1206 713 1266 Plutarcho
738 1205 855 1281 (Praec.
880 1207 991 1281 politic.
1016 1203 1077 1265 800
1100 1207 1140 1284 Ε)
1169 1207 1231 1265 1111
1259 1223 1304 1264 re·

183 1317 254 1386 late,
283 1332 369 1388 quam
397 1331 511 1373 morum
539 1315 601 1372 eius
629 1313 828 1373 testimonium
864 1313 1017 1388 subiungit
1040 1312 1070 1390 (ξ
1094 1310 1135 1389 3),
1164 1317 1304 1372 1111111

185 1422 222 1481 ab
250 1423 391 1481 historico
420 1423 502 1480 fonte
530 1421 626 1480 aliena
652 1425 731 1492 sunt,
756 1421 799 1479 ita
827 1422 925 1494 aptius
949 1421 1097 1493 quadrant
1124 1420 1161 1479 ad
1188 1419 1303 1490 librum,

184 1531 215 1588 in
243 1547 300 1603 quo
328 1529 419 1588 Drusi
447 1529 512 1587 vita
540 1528 689 1603 descripta
716 1529 835 1603 eiusque
863 1545 960 1587 mores
988 1529 1035 1587 vel
1063 1528 1188 1586 minimis
1215 1527 1305 1586 rebus

185 1636 398 1709 levissimisque
425 1634 645 1694 narrationibus
672 1635 812 1694 illustrati
841 1640 934 1694 eraut.

265 1743 330 1801 Iam
357 1759 428 1801 vero
461 1743 496 1802 de
530 1741 630 1800 Sulla
663 1742 815 1801 dicendum
847 1747 902 1800 est.
945 1742 1036 1802 Cuius
1063 1743 1093 1801 in
1122 1741 1306 1801 consulatum

186 1850 236 1908 ubi
269 1850 373 1908 incidit
406 1851 541 1923 scriptor,
581 1850 683 1908 statim
718 1850 755 1907 ad
789 1851 916 1924 priorem
940 1851 1002 1908 aius
1033 1850 1126 1908 vitam
1152 1865 1308 1908 recurrens

186 1962 291 2016 narrat
308 1956 349 2015 Π.
371 1954 417 2016 17.
436 1955 456 2015 2
475 1962 506 2016 et
523 1953 557 2014 3:
586 1974 652 2015 enm
680 1956 770 2015 inisse
797 1961 899 2015 natum
926 1956 1017 2015 nobili
1042 1956 1160 2027 familia,
1190 1961 1307 2014 sextum

188 2082 207 2123 a
234 2064 369 2123 Cornelio
396 2063 517 2134 Rufino,
553 2063 601 2136 qui
629 2063 706 2122 bello
734 2063 843 2136 Pyrrhi
867 2065 945 2122 inter
972 2063 1176 2122 celeberrimos
1203 2063 1309 2122 fuisset

189 2171 291 2241 (11111,
326 2171 432 2243 diuque
462 2171 506 2229 ita
538 2187 570 2228 se
602 2170 746 2246 gessisse,
780 2174 814 2228 ut
845 2171 955 2229 nullam
987 2170 1106 2244 petendi
1137 2171 1307 2228 consulatus

135 2356 138 2360 Ι
189 2277 401 2352 cogitationem
436 2278 546 2360 habere
577 2277 740 2348 videretur,
780 2278 884 2336 deinde
921 2281 990 2351 post
1025 2282 1195 2351 praeturam
1230 2277 1308 2335 bello

188 2384 293 2444 Italico
322 2388 353 2443 et
380 2391 449 2443 ante
475 2385 506 2442 iu
536 2384 634 2444 Gallia
660 2386 810 2460 legatione
839 2385 893 2444 sub
926 2385 1022 2443 Mario
1053 2384 1243 2443 inlustratum
1271 2400 1310 2442 ex

190 2509 328 2550 successu
353 2492 480 2550 animum
508 2493 667 2566 sumpsisse
695 2499 901 2566 petentemque
925 2493 1106 2551 consulatum
1132 2508 1225 2566 paene
1250 2508 1310 2550 om·

189 2598 268 2658 nium
292 2599 398 2658 civium
423 2599 573 2674 suffragiis
597 2599 716 2670 lactum,
753 2601 806 2658 sed
841 2618 907 2658 eum
927 2600 1068 2658 honorem
1091 2599 1310 2671 undequinqua-

190 2707 303 2781 gesimo
336 2707 444 2765 aetatis
473 2723 544 2764 suae
576 2723 653 2765 anno
687 2707 859 2776 adsecutum
892 2724 966 2766 esse.
999 2741 1038 2750 —
1076 2707 1161 2764 Haec
1193 2705 1311 2778 quidem

190 2815 287 2873 omnia
314 2814 352 2872 ad
379 2815 459 2872 ritae
492 2813 637 2886 quendam
669 2813 842 2887 scriptorem
874 2814 1029 2872 referenda
1062 2830 1127 2872 esse
1154 2812 1206 2870 vix
1238 2829 1313 2886 opus

191 2925 238 2978 est
264 2938 397 2979 monere:
426 2920 499 2979 adeo
527 2920 586 2978 iam
614 2937 661 2980 res
690 2925 795 2994 aperta
819 2937 854 2978 ac
879 2921 1006 2978 dilucida
1029 2920 1155 2992 uidetur.
1198 2918 1258 2978 Sed
1281 2919 1313 2977 11

191 3027 297 3086 ceteris
325 3044 448 3101 quoque,
478 3027 528 3085 nbi
553 3044 601 3086 res
626 3044 645 3084 a
669 3025 753 3085 Sulla
776 3033 882 3102 gestae
910 3027 1069 3086 secundum
1096 3027 1239 3085 historiae
1267 3043 1312 3084 or·

191 3134 288 3192 dinem
315 3135 492 3204 referuntur,
526 3134 627 3192 eodem
656 3152 693 3193 ex
721 3134 803 3192 fonte
831 3151 924 3208 pauca
951 3133 1123 3192 intermixta
1151 3151 1216 3192 esse
1243 3133 1328 3203 mihi

191 3240 306 3313 quidem
343 3241 563 3300 demonstratur
596 3259 753 3310 consensu,
793 3258 878 3314 quem
910 3241 958 3300 hio
989 3241 1096 3300 iterum
1135 3239 1314 3314 deprehendi

190 3347 269 3406 inter
295 3348 437 3406 Nostrum
468 3354 499 3407 et
515 3350 606 3407 Auct.
628 3349 664 3406 de
686 3348 741 3407 vir.
762 3349 803 3407 ill.
832 3365 896 3423 cap.
920 3346 959 3406 75
984 3349 1047 3406 sine
1075 3348 1162 3406 dubio
1191 3365 1228 3405 ex
1251 3346 1316 3404 vita

193 3454 370 3528 decerptum.
412 3455 526 3513 Narrat
553 3455 629 3513 enim
651 3431 784 3514 Velleius
808 3454 834 3513 I.
859 3453 907 3514 27.
932 3452 952 3513 5
980 3453 1093 3514 Sullam
1120 3453 1216 3512 Mario
1244 3452 1314 3511 adu-

192 3562 335 3631 lescente,
370 3579 455 3637 quem
482 3562 647 3620 Praeneste
678 3566 915 3637 oppugnaverat,
950 3561 1046 3621 occiso
1073 3562 1181 3620 Felicis
1207 3576 1315 3618 nomen

193 3668 397 3742 assumpsisse,
427 3668 504 3741 quod
531 3670 617 3741 plane
644 3669 721 3728 idem
749 3670 834 3744 leges
858 3669 936 3742 apud
960 3669 1012 3727 Ps.
1037 3668 1191 3727 Victorem
1213 3664 1262 3726 75.
1281 3663 1315 3725 9:

193 3775 298 3845 ‚Mario
343 3775 508 3834 Praeneste
559 3775 716 3835 interfecto
751 3775 878 3835 Felicem
930 3793 962 3834 11
1001 3776 1097 3834 edicto
1134 3771 1316 3833 nominavit’

170 3883 252 3966 ‚Qui
295 3899 455 3942 consensus
494 3882 617 3941 alienius
649 3884 790 3943 momenti
826 3890 872 3942 est
905 3888 1076 3957 propterea,
1116 3881 1193 3954 quod
1227 3880 1318 3939 ceteri

194 3991 368 4064 scriptores,
401 3990 450 4063 qui
477 3989 563 4048 huius
583 3991 628 4048 rei
651 3991 830 4049 mentionem
856 3989 992 4061 iniciunt,
1028 3990 1117 4063 longe
1145 3988 1232 4047 aliter
1252 4003 1318 4046 eam

195 4097 326 4155 tradunt.
368 4097 524 4170 Appianus
557 4097 633 4154 enim
665 4101 807 4170 quantum
835 4114 853 4155 a
880 4099 993 4156 Nostro
1019 4095 1130 4155 differt!
1164 4095 1214 4168 qui
1238 4093 1320 4153 dicat

195 4200 373 4262 n.0.1.97
396 4204 524 4262 Felicem
550 4201 663 4261 Sullam
688 4187 725 4261 ab
751 4204 953 4264 adulatoribus
978 4203 1016 4262 ob
1041 4203 1195 4262 continuos
1219 4218 1319 4262 rerum
