3266 5292
809 521 1008 580 ,32-

339 707 591 761 commemorasse,
617 696 652 748 ut
672 692 808 765 legentes
829 690 866 749 ab
886 690 970 749 initio
991 691 1103 749 iustum
1123 692 1344 766 legitimumque
1364 693 1454 752 filium

338 816 373 856 ac
398 797 535 856 heredem
560 797 630 856 Divi
654 798 730 857 Julii
756 815 788 856 se
813 801 961 872 putarent.
1007 797 1067 856 Hic
1092 802 1192 857 autem
1218 799 1242 858 si
1268 800 1455 859 coniunxeris

337 904 523 964 narrationes
551 903 685 962 Suetonii
717 904 792 978 (cap.
821 902 861 981 8),
894 905 943 977 qui
968 908 1086 964 tantum
1114 905 1185 964 dicit
1205 905 1401 965 Octavianum
1424 905 1456 964 in

337 1011 500 1085 Hispanias
530 1012 695 1086 profectum
721 1027 800 1082 esse,
827 1015 858 1069 et
883 1012 1000 1071 Nicolai
1024 1011 1097 1085 (Βίος
1119 1016 1243 1092 Καίσαρος
1266 1014 1321 1090 11),
1352 1013 1401 1086 qui
1424 1014 1456 1071 br

336 1119 465 1193 hospitio
493 1117 630 1176 Caesaris
656 1135 722 1176 eum
748 1122 812 1176 turn
837 1119 928 1177 fuisse
953 1119 1035 1177 addit
1055 1117 1191 1199 (ἠσπάζετο
1209 1127 1360 1199 ealeataque]
1378 1127 1456 1198 petita

338 1232 477 1303 ὁμοὸίαιτόν
490 1252 517 1286 τε
529 1228 615 1306 εἶχεν),
631 1226 733 1284 eadem
746 1225 808 1284 iere
822 1225 954 1296 babebis
970 1242 1044 1299 quae
1059 1226 1136 1299 apud
1146 1226 1291 1286 Nostrum
1304 1228 1454 1302 leguntur.

337 1332 452 1391 Deinde
477 1332 645 1406 pontificem
670 1349 737 1390 eum
762 1348 781 1388 a
806 1331 935 1390 Caesare
956 1332 1067 1391 laetum
1094 1349 1158 1391 esse
1195 1333 1272 1392 siout
1291 1334 1403 1392 Noster
1424 1337 1455 1393 et

337 1440 478 1498 Nioolaus
510 1438 585 1513 (cap.
611 1436 643 1515 4)
675 1439 777 1498 tradit.
819 1439 893 1497 Tum
923 1457 1004 1510 vero,
1037 1456 1111 1513 quae
1142 1439 1220 1513 apud
1240 1439 1386 1500 Velleium
1410 1458 1455 1499 se-

337 1551 468 1620 quuntur
488 1545 518 1622 (ξ
539 1543 579 1621 4),
609 1545 806 1605 Octavianum
825 1546 1014 1619 Apolloniam
1037 1547 1068 1604 in
1089 1547 1189 1605 studia
1208 1547 1328 1606 missum
1351 1564 1455 1606 essee

337 1653 475 1724 Caesare,
506 1658 541 1711 ut
566 1653 635 1711 belli
661 1653 759 1712 Getici
786 1669 821 1710 ac
849 1651 952 1711 deinde
977 1653 1112 1712 Parthici
1138 1671 1204 1712 eum
1229 1654 1454 1713 commilitonem

336 1760 469 1830 haberet,
501 1761 608 1818 iterum
640 1760 713 1819 bene
745 1759 927 1854 concordant
958 1777 1023 1818 eum
1055 1757 1137 1818 Suet.
1156 1757 1189 1818 8:
1223 1759 1360 1830 ,Caesare
1385 1765 1455 1834 post

337 1874 473 1941 receptas
494 1867 655 1942 Hispanias
683 1866 898 1941 expeditionem
918 1867 948 1924 in
969 1866 1109 1944 Daous⁴³)
1134 1872 1165 1925 et
1184 1867 1251 1925 inde
1271 1867 1301 1925 in
1322 1867 1454 1928 Parthos

328 1977 506 2040 destinante
531 1975 712 2049 praemissus
737 1975 926 2047 Apolloniam
952 1973 1058 2032 studiis
1083 1973 1221 2031 vaeavit)
1262 1973 1351 2032 Adde
1377 1976 1454 2048 quod

336 2084 439 2143 iisdem
471 2084 532 2141 fere
557 2082 656 2141 verbis
682 2083 760 2140 buno
785 2082 881 2140 locum
913 2081 1032 2140 exhibet
1057 2081 1213 2154 Appianas
1239 2080 1279 2154 (b.
1300 2099 1324 2139 e.
1343 2081 1399 2140 III.
1419 2079 1452 2140 9:

337 2200 362 2256 ἐς
375 2195 549 2252 Ἀπολλωνίαν
568 2199 691 2268 ἐπέμπετο
710 2197 757 2250 ὐπὸ
776 2193 900 2269 Καίσαρος
919 2197 954 2254 ὡς
972 2197 997 2253 ἐς
1015 2196 1073 2253 τοὺς
1090 2195 1222 2265 πολεμίους
1235 2196 1333 2266 ἑόμενος
1346 2196 1453 2268 abdam),

338 2315 423 2370 quem
450 2297 548 2369 aliqua
573 2297 697 2366 ratione,
724 2295 853 2354 fortasse
879 2293 1028 2353 Strabone
1048 2295 1212 2365 interiecto,
1238 2295 1344 2354 bacin
1365 2296 1455 2369 parti·

338 2406 404 2463 cula
430 2404 525 2478 (capp.
547 2400 659 2479 9-23)
685 2420 750 2460 cum
771 2401 906 2476 Augusti
928 2401 1144 2461 commentariis
1165 2402 1321 2460 cohaerere
1342 2406 1455 2461 eertum

338 2517 392 2570 est
401 2511 436 2588 ⁴⁴)
470 2511 646 2584 Apolloniae
669 2513 767 2568 autem
789 2509 825 2566 de
840 2507 968 2567 (laesere
989 2509 1085 2567 occiso
1102 2509 1211 2567 certior
1224 2508 1322 2567 faetus
1337 2507 1455 2568 Octavi·

338 2636 411 2677 anus
434 2617 536 2676 stetim
559 2634 624 2675 eum
646 2615 814 2674 Salvidieno
836 2620 867 2674 et
887 2615 1025 2690 Agrippa
1045 2616 1196 2674 consultat
1216 2614 1246 2691 (§
1266 2612 1307 2693 5),
1333 2627 1455 2689 quorum

337 2725 456 2784 nomina
477 2725 557 2783 solus
579 2723 706 2782 omnium
727 2723 775 2782 hio
796 2723 912 2782 notavit
930 2722 1071 2782 Velleius,
1112 2722 1186 2795 Quis
1207 2727 1314 2792 autem,
1337 2739 1454 2795 quaeso,

338 2832 543 2890 consiliatum
569 2832 648 2889 inter
673 2848 738 2888 eum
766 2837 796 2888 et
821 2831 1013 2888 amicissimos
1038 2830 1112 2887 inita
1133 2830 1250 2899 rescire,
1278 2830 1342 2902 quis
1364 2829 1399 2888 de
1418 2829 1455 2888 iis

338 2938 457 2996 tradere
487 2942 609 3013 poterat
639 2942 759 3011 praeter
788 2938 982 3011 Augustum?
1028 2936 1116 2995 Hane
1146 2937 1239 3010 igitur
1269 2953 1331 2994 rem
1361 2937 1454 3010 primo

339 3046 443 3104 saltem
474 3046 539 3104 loco
570 3045 607 3103 ab
638 3045 688 3104 illo
715 3045 822 3103 exiisse
849 3050 970 3113 eertum,
1003 3048 1092 3116 atque
1113 3061 1151 3102 ex
1171 3043 1243 3116 ipsis
1263 3043 1455 3116 Imperatoris

338 3153 556 3211 commentariis
587 3171 605 3211 a
631 3152 744 3210 Nostro
777 3151 980 3225 depromptam
1011 3167 1076 3208 esse
1106 3151 1169 3209 veri
1197 3150 1371 3208 simillimum
1398 3154 1473 3218 est.¹

338 3260 453 3320 Deinde
479 3261 665 3318 centuriones
690 3259 839 3333 legionum
865 3257 1121 3316 Macedonicarum
1148 3274 1266 3330 operam
1293 3257 1455 3316 Octaviano

337 3366 485 3442 pollicitos
517 3383 582 3424 esse
613 3367 726 3425 Noster
757 3365 859 3436 tradit,
890 3382 946 3422 nec
976 3368 1078 3422 tacent
1107 3364 1248 3421 Nicolaus
1280 3381 1342 3440 cap.
1366 3362 1404 3432 17
1424 3367 1456 3422 et

337 3494 550 3504 ----

419 3527 453 3596 ⁴8)
472 3527 563 3582 Dacos
588 3531 620 3580 ut
643 3525 765 3580 eiusdem
785 3524 880 3594 stirpis
904 3523 1043 3578 nationem
1062 3522 1219 3592 saepissime
1242 3516 1455 3588 ascriptoribus

338 3635 398 3672 eum
419 3617 500 3672 Getis
521 3614 649 3670 conlundi
669 3618 787 3670 constat.
816 3613 849 3669 ei.
870 3613 990 3668 editores
1010 3611 1044 3666 ad
1062 3613 1087 3665 h.
1101 3612 1118 3666 l.

287 3755 292 3768 .
417 3707 451 3776 44)
464 3706 590 3761 Paulus
602 3704 736 3759 Bailleu
750 3703 893 3772 (quomodo
908 3701 1049 3772 Appianus
1061 3701 1090 3756 in
1102 3701 1235 3755 bellorum
1248 3697 1368 3754 civilium
1379 3693 1456 3751 libris

337 3795 431 3851 II-V
450 3812 514 3851 usus
538 3795 576 3850 sit
599 3793 690 3850 Asinii
714 3793 847 3849 Pollionis
870 3791 1000 3847 historiis.
1028 3784 1456 3858 Dissert.(iotting.1874)de-

338 3885 504 3941 monstravit
521 3885 677 3954 Appianum
696 3885 766 3938 hanc
785 3888 893 3952 partem
912 3899 967 3936 non
986 3897 1019 3935 ex
1037 3879 1158 3950 Augusti
1177 3873 1388 3940 commentariis,
1407 3873 1456 3928 sed

339 3980 512 4040 exauctare,
532 3974 577 4042 qui
596 3973 651 4029 illis
673 3973 728 4028 iam
746 3989 812 4027 usus
831 3976 899 4037 erat,
918 3971 1049 4026 hausisse.
1088 3969 1176 4038 Quem
1194 3967 1253 4037 ipse
1272 3964 1379 4033 quidem
1392 3962 1457 4017 Asi·

337 4063 412 4118 nium
422 4063 505 4119 irrisae
516 4063 628 4128 statuit3
639 4063 686 4118 sed
697 4061 795 4116 Pauli
806 4060 946 4116 Ottonis
957 4057 1190 4127 disquisitionibus
1202 4054 1324 4124 (inStud.
1334 4050 1457 4121 Lips.XI

339 4153 469 4221 supplem.
484 4155 564 4207 lese.
584 4170 609 4221 p.
623 4156 676 4206 245
695 4151 765 4218 sqq.)
785 4149 928 4204 admodum
949 4148 1090 4218 probabile
1108 4147 1209 4202 factum
1222 4147 1266 4199 est
1278 4142 1386 4198 unicum
1399 4140 1457 4195 iere

337 4241 457 4311 Appiani
476 4246 619 4296 auctorem
638 4240 680 4295 his
698 4239 727 4294 in
745 4239 823 4295 libris
843 4239 928 4295 fuisse
947 4238 1119 4293 Strabonem.
