3266 5292
773 560 994 620 ..3ss-

328 730 494 800 ,Probabile
525 737 572 789 est
602 731 799 790 narrationem
830 729 910 788 illam
937 729 1097 805 profectam
1126 747 1190 788 esse
1222 730 1258 789 ab
1284 731 1466 805 August0;‘

328 837 433 913 quippe
453 838 581 896 universi
603 837 769 897 certaminis
790 837 923 911 regimen
945 836 1062 911 dignius
1083 837 1176 895 visum
1197 841 1244 896 est
1264 855 1390 913 persona
1411 843 1442 896 et

326 945 481 1004 maiestate
512 945 657 1019 principie,
685 944 733 1017 qui
764 961 811 1002 res
833 961 902 1002 suas
924 943 1076 1002 ambitiose
1098 949 1257 1004 exornatas
1279 946 1441 1018 aequalium

327 1057 567 1127 posterorumque
581 1052 737 1111 memoriae
751 1051 915 1110 traditurus
930 1049 1028 1108 esset)
1044 1083 1083 1092 —
1097 1051 1152 1108 (lui
1168 1052 1300 1125 equidem
1314 1052 1440 1110 libenter

327 1158 442 1217 aooedo.
485 1157 542 1216 Sed
566 1160 691 1217 alterum
713 1176 826 1232 quoque
851 1159 918 1216 huie
940 1159 1004 1216 loeo
1025 1158 1151 1217 vicinum
1172 1159 1323 1233 Augustei
1345 1159 1441 1234 operis

326 1267 524 1340 fragmentum
545 1267 619 1324 latet
632 1263 680 1324 85.
695 1264 723 1335 4,
745 1266 794 1324 ubi
809 1265 920 1324 Caesar
942 1265 1095 1324 clamitans
1110 1270 1141 1322 et
1155 1266 1313 1324 ostendeus
1327 1266 1440 1342 fugisse

325 1373 489 1431 Antonium
511 1390 547 1431 ex
568 1372 709 1430 militibus
730 1373 791 1430 eius
813 1373 885 1432 duee
905 1372 1027 1431 absente
1042 1373 1246 1432 dimioautibus
1261 1374 1440 1447 quaesivisse

327 1479 440 1550 dieitur,
472 1498 525 1554 pro
548 1497 604 1553 quo
626 1487 657 1536 et
677 1496 742 1537 oum
764 1495 820 1551 quo
843 1485 1018 1554 pugnarent.
1061 1479 1128 1553 Qua
1148 1480 1325 1550 narratione,
1358 1481 1439 1539 ouius

325 1603 401 1645 unus
422 1592 526 1645 auctor
547 1591 594 1644 est
606 1584 747 1655 Velleius,
768 1586 937 1660 Augustus,
959 1592 994 1644 ut
1015 1586 1138 1655 solebat
1161 1603 1242 1645 suam
1259 1603 1333 1662 erga
1346 1587 1440 1644 victos

326 1694 508 1752 elementiam
529 1693 559 1752 iu
582 1692 797 1752 commentariis
819 1692 880 1752 suis
900 1693 1049 1752 illustrare
1070 1693 1214 1751 voluerat.

405 1800 490 1858 Haeo
520 1800 613 1875 igitur
644 1817 682 1857 ex
703 1799 858 1858 Octaviani
889 1800 970 1858 libris
1001 1800 1160 1870 fluxerunt,
1193 1817 1266 1872 quos
1291 1819 1308 1858 a
1329 1801 1441 1858 Nostro

326 1907 382 1965 hae
403 1907 432 1965 in
453 1912 538 1981 parte
559 1906 707 1967 adhibitos
732 1924 797 1965 esse
819 1906 965 1984 Sauppius
986 1909 1005 1965 l.
1020 1909 1039 1965 l.
1054 1925 1082 1982 p.
1100 1904 1158 1966 164
1179 1906 1228 1981 (of.
1254 1924 1344 1982 supra
1367 1925 1395 1982 p.
1410 1903 1440 1981 4)

325 2013 383 2072 iem
404 2014 562 2090 perspexit.
596 2014 655 2074 Sed
676 2021 775 2074 oetera
796 2015 892 2073 omnia
912 2014 986 2074 beno
1006 2015 1108 2073 referri
1122 2015 1249 2090 possunt
1263 2014 1300 2073 ad
1314 2013 1440 2083 Livium,

327 2120 372 2178 oui
391 2121 537 2181 Velleium
557 2122 625 2180 inde
647 2123 684 2181 ab
705 2122 787 2182 initio
807 2122 948 2181 historiae
966 2121 1119 2181 Romanae
1140 2138 1232 2194 usque
1254 2121 1290 2180 ad
1311 2138 1441 2196 pugnam

329 2228 482 2286 Actiacam
508 2229 598 2302 longe
622 2229 777 2304 plurimam
802 2229 954 2288 materiam
981 2228 1086 2286 debere
1117 2228 1251 2303 proxima
1278 2227 1364 2286 huius
1386 2207 1441 2284 dis·

329 2335 489 2408 putationis
510 2341 594 2410 parte
616 2337 777 2410 exposituri
797 2351 906 2393 sumus
1117 2309 1120 2318 ’

426 4167 553 4243 Reliqua
590 4169 675 4226 huius
710 4167 799 4226 libelli
833 4186 902 4242 pars
940 4169 969 4227 in
1006 4168 1175 4228 Studiorum
1210 4169 1443 4229 Beroliuensium

325 4275 416 4349 (apud
442 4272 473 4332 S.
496 4274 623 4348 Oalvary
644 4280 676 4333 et
696 4275 819 4352 socium)
839 4278 897 4338 vol.
917 4275 987 4337 XV.
1009 4275 1028 4335 2
1049 4277 1216 4351 propediem
1236 4277 1373 4351 prodibit.

248 4359 328 4587 R
