3266 5292
618 521 839 580 -15..

165 690 331 760 transtulit,
361 690 515 748 historiam
540 690 733 765 pragmatica,
760 695 794 747 ut
815 707 869 748 nos
895 690 1025 760 dicimus,
1053 689 1217 750 describere
1239 709 1288 762 po-

164 799 233 866 tuit,
266 799 310 855 ita
330 801 364 855 ut
384 797 504 871 singula
524 798 612 856 rebus
634 797 788 869 causisque
810 797 1006 866 cohaerentia,
1033 785 1085 855 sed
1106 796 1287 871 temporibus

167 905 263 963 divisa
287 921 344 962 uuo
366 903 467 963 ordine
491 903 677 979 narraret.²²)
723 901 773 962 Sic
798 920 912 977 quoque
937 903 1073 962 facillime
1105 904 1290 976 explicantur

166 1012 306 1086 permulti
336 1011 378 1069 illi
409 1027 533 1079 errores,
566 1027 639 1084 quos
662 1011 692 1068 in
718 1010 844 1068 historia
870 1028 924 1069 sna
950 1011 1144 1087 commista),
1176 1028 1289 1069 necnon

168 1120 218 1193 qui
243 1119 354 1177 iactum
380 1119 428 1188 sit,
460 1123 495 1175 ut
520 1118 660 1176 nonnulla
684 1134 738 1176 suo
773 1118 837 1175 loeo
864 1119 1049 1191 praeteriret,
1081 1135 1155 1191 quae
1185 1123 1290 1190 postea

169 1227 263 1285 alieno
289 1226 407 1284 rettulit
433 1226 537 1298 (veluti
558 1225 599 1283 H.
621 1222 672 1301 68)
698 1225 794 1301 aliqua
820 1243 857 1282 ex
883 1230 969 1298 parte
993 1225 1182 1298 perspicitur:
1213 1224 1290 1296 quod

170 1340 250 1392 certe
275 1350 334 1391 non
360 1332 458 1406 potuit
483 1332 624 1400 accidere,
651 1334 676 1391 si
700 1350 789 1390 unum
813 1334 861 1408 vel
886 1333 974 1390 etiam
1006 1333 1104 1405 plures
1129 1332 1290 1405 scriptores

170 1445 292 1499 secutus
316 1441 397 1513 ipsos
430 1457 530 1498 eorum
550 1438 642 1498 libros
666 1444 735 1499 ante
760 1441 860 1498 oeulos
880 1440 1042 1498 habuisset.
1085 1439 1180 1513 Quid?
1213 1437 1289 1511 quod

169 1549 233 1620 ipse
264 1548 384 1606 consilio
415 1548 534 1606 maioris
560 1548 657 1630 operis
683 1547 826 1606 condendi
851 1548 969 1621 saepius
989 1547 1056 1605 inde
1077 1565 1096 1604 a
1115 1547 1192 1605 bello
1214 1546 1290 1605 civili

171 1659 397 1713 commemorato
424 1654 591 1728 siguificare
616 1655 735 1713 videtur
759 1655 789 1712 in
814 1655 978 1728 posteriore
1005 1655 1108 1712 saltem
1133 1657 1219 1728 parte
1240 1655 1290 1712 ha-

170 1761 269 1820 buisse
291 1778 424 1820 seseres
445 1762 585 1820 collectos
606 1765 793 1835 separatas,
819 1761 870 1820 sed
899 1762 1006 1835 plures
1030 1779 1116 1833 quam
1135 1779 1188 1835 pro
1210 1761 1290 1820 festi·

171 1869 290 1927 natione
323 1886 377 1927 sua
408 1873 471 1926 tum
503 1868 588 1928 edere
619 1870 768 1943 potuerit?
814 1870 887 1927 Inde
915 1869 1003 1938 etiam
1030 1868 1192 1942 digressus
1224 1869 1290 1926 inde

175 1993 327 2046 excursus,
351 1976 456 2048 quibus
477 1976 601 2034 historia
615 1976 770 2036 Velleiana
784 1976 938 2044 redundat,
960 1976 1028 2034 inde
1043 1976 1120 2048 quod
1134 1993 1290 2048 numquam

173 2083 321 2142 serviliter
341 2089 479 2142 auctores
503 2100 573 2141 suos
594 2087 715 2141 secutus
739 2083 835 2142 ubivis
856 2099 940 2140 suum
961 2083 1124 2156 interponit
1144 2082 1290 2140 iudicium.

171 2190 314 2262 Denique,
337 2190 486 2263 quodiam
501 2191 596 2248 obiter
614 2191 727 2264 legenti
746 2190 874 2273 obvenit,
897 2207 993 2248 nonne
1007 2195 1038 2248 et
1052 2206 1101 2247 res
1115 2195 1146 2247 et
1159 2189 1291 2248 homines

172 2298 342 2370 plerumque
362 2299 406 2356 itu
429 2297 578 2367 describit,
600 2302 634 2355 ut
654 2298 825 2356 interiorem
839 2297 984 2369 quandam
998 2297 1140 2355 historiam
1154 2296 1291 2354 notitiam

173 2420 239 2463 eum
260 2404 399 2463 habuisse
421 2406 581 2478 appareat?
614 2405 791 2464 Rectissime
811 2406 905 2477 igitur
925 2404 1059 2462 Kritzius
1081 2404 1112 2476 (l.
1127 2405 1146 2462 l.
1161 2422 1189 2477 p.
1201 2403 1291 2478 XVI)

172 2510 315 2568 Velleium
342 2512 484 2570 festinato
505 2513 561 2571 hoc
582 2513 679 2572 libello
707 2530 802 2587 pauca
823 2531 860 2572 ex
882 2513 1012 2571 collectis
1035 2511 1126 2585 copiis
1147 2511 1290 2570 delibasse

172 2622 204 2676 et
225 2622 374 2692 tamquam
396 2620 542 2694 specimen
564 2621 712 2694 amplioris
734 2620 863 2694 edidisse
879 2621 997 2689 iudicat,
1020 2636 1075 2677 nec
1095 2636 1165 2677 vero
1186 2619 1290 2692 proba-

172 2724 287 2784 bilitate
309 2733 391 2785 caret
412 2728 589 2796 coniectura,
622 2745 708 2800 quam
728 2727 883 2801 proposuit
903 2728 1080 2801 Helbingius
1102 2727 1133 2799 (l.
1155 2727 1173 2783 l.
1195 2744 1223 2799 p.
1245 2726 1290 2800 a:

173 2833 346 2905 scriptorem
366 2835 424 2892 iam
444 2834 473 2892 id
500 2839 648 2908 agentem,
681 2839 715 2892 ut
745 2834 899 2892 historiam
929 2833 1093 2892 Romanam
1124 2834 1291 2892 accuratius

172 2938 361 3009 describeret,
394 2941 510 3000 Vinicio
542 2941 698 3016 designato
730 2942 767 3000 ad
799 2941 877 2999 aliud
913 2941 1009 2999 subito
1045 2941 1196 2999 consilium
1226 2959 1291 3015 per-

172 3046 302 3117 ductum,
330 3053 365 3105 ut
386 3048 478 3108 amico
500 3047 667 3108 absolutum
688 3049 832 3121 quendam
853 3049 983 3107 libellum
1005 3048 1163 3117 dedicaret,
1188 3053 1291 3122 gratu-

171 3153 279 3212 latorio
301 3155 357 3214 hoe
383 3156 493 3224 scripto
519 3173 647 3215 summas
672 3160 789 3214 tantum
816 3173 864 3214 res
890 3155 1048 3229 attingere,
1074 3156 1126 3214 sed
1152 3157 1290 3229 ampliore

171 3260 221 3318 illo
245 3277 332 3334 opere
357 3267 463 3335 postea
483 3279 534 3320 eas
559 3264 705 3336 explicare
726 3263 863 3322 voluisse.

253 3369 367 3442 eribus
380 3370 550 3443 praemissis
571 3370 629 3427 iam
651 3370 688 3428 ad
708 3370 804 3443 ipsum
825 3371 1009 3444 propositum
1027 3371 1289 3445 transgrediamur.

171 3476 218 3534 Ao
250 3477 374 3548 primum
406 3478 601 3549 quaerendum
635 3483 689 3547 est,
723 3478 820 3536 sintne
853 3478 940 3550 aliqui
973 3479 1141 3551 scriptores,
1168 3493 1290 3549 quornm

148 3583 262 3642 ·libros
294 3600 325 3642 se
356 3584 462 3643 adiisse
491 3585 554 3658 ipse
584 3584 669 3643 uobis
700 3584 883 3644 indicaverit.
925 3586 1027 3657 Atque
1048 3584 1072 3642 I.
1095 3582 1122 3642 7.
1144 3581 1163 3640 3
1189 3584 1291 3641 laudat

172 3689 213 3748 hl.
237 3690 390 3763 Catonem,
418 3693 500 3750 euius
522 3693 699 3751 seutentiam
721 3692 757 3750 de
778 3697 910 3765 tempore
932 3691 1052 3764 Capuae
1073 3689 1209 3748 conditae
1229 3691 1292 3747 sine

172 3795 259 3855 dubio
281 3799 311 3856 in
334 3798 506 3874 Originibus
532 3801 678 3872 prolatam
699 3799 785 3857 valde
805 3800 973 3873 impugna-t3
1007 3798 1058 3856 sed
1079 3801 1113 3854 ut
1133 3797 1215 3855 illum
1235 3797 1291 3854 hoc

171 3904 236 3963 loco
256 3906 417 3978 inspexerit
440 3911 557 3965 tanturn
579 3907 673 3977 abest,
706 3914 747 3977 ut,
781 3907 849 3979 quia
870 3905 1009 3980 Origines
1030 3922 1089 3963 non
1110 3904 1229 3962 evolvit.
1262 3905 1291 3960 iu

172 4059 224 4066 ι...-
241 4061 384 4068 ....-..-..,-,.-

252 4147 286 4215 ²²)
305 4148 339 4201 cl.
360 4147 528 4202 Pernioen
547 4148 565 4201 l.
584 4149 603 4201 l.
622 4167 647 4216 p.
667 4152 685 4201 4
703 4153 733 4203 et
752 4150 793 4203 10.
826 4147 991 4203 llnnlrium
1011 4147 1028 4200 l.
1042 4147 1059 4200 l.
1074 4163 1098 4214 p.
1113 4147 1174 4199 267.

252 4239 285 4302 ²³)
305 4238 338 4291 cl.
359 4236 539 4305 Sauppium
562 4237 579 4291 l.
599 4237 617 4290 l.
636 4256 662 4306 p.
684 4241 733 4291 147
753 4253 810 4304 sqq.
