3266 5292
652 423 992 505 ‘-24-

402 616 485 689 Quae
505 616 530 672 Ι.
554 613 600 674 12.
622 613 642 674 3
664 621 695 674 et
715 613 743 686 4,
766 616 894 674 fortasse
916 616 1005 674 etiam
1027 612 1073 674 13.
1095 613 1123 686 3,
1147 633 1183 674 ac
1202 617 1329 677 maxima
1350 617 1389 676 II.
1410 614 1439 675 4.

317 720 399 780 4-7
434 721 512 795 apud
546 723 690 780 Nostrum
725 724 874 797 leguntur,
909 721 1048 795 reliquias
1072 723 1153 782 vitae
1187 723 1223 782 P.
1259 722 1440 798 Scipionis

319 829 486 902 Africani
516 829 663 888 minoris
695 845 761 888 esse
783 830 885 888 statim
905 830 936 887 in
957 830 1057 888 oculos
1078 828 1216 888 incurrit:
1249 830 1322 889 adeo
1344 832 1440 889 omnia

318 935 359 993 ad
379 952 468 993 uuum
482 936 561 993 hunc
573 936 677 1006 virum,
700 936 738 994 ad
752 935 878 1009 priorem
893 936 956 994 eius
970 935 1063 994 vitam
1079 936 1273 994 enarrandam
1286 953 1440 1010 moresque

319 1042 512 1102 illustrandos
533 1046 679 1116 spectant.
720 1043 806 1100 Haec
826 1047 925 1102 autem
947 1041 1101 1116 Scipionis,
1128 1047 1163 1101 ut
1183 1043 1228 1100 ita
1249 1043 1350 1113 dicam,
1377 1044 1440 1102 vita

319 1149 425 1208 mirum
455 1149 485 1206 in
516 1149 633 1207 modum
665 1148 793 1207 concinit
824 1167 889 1207 cum
920 1149 1011 1208 Auct.
1038 1149 1074 1208 de
1095 1150 1149 1208 vir.
1171 1150 1211 1208 ill.
1245 1167 1308 1224 cap.
1330 1147 1378 1220 68,
1410 1151 1440 1208 id

319 1256 399 1329 quod
421 1273 459 1313 ex
478 1256 605 1330 integris
626 1255 780 1328 utriusque
799 1255 899 1315 verbis
920 1255 1005 1314 facile
1025 1256 1191 1331 intelleges.

354 1363 473 1421 Auctor
494 1362 529 1420 de
550 1363 604 1421 vir.
625 1363 666 1421 ill.
687 1379 749 1436 cap.
765 1360 818 1421 68:
1131 1363 1212 1422 Vell:

363 1466 389 1527 1.
401 1469 436 1527 P.
450 1467 548 1542 Scipio
559 1469 751 1554 Aemilianus,
765 1468 853 1528 Pauli
946 1470 971 1528 Ι.
988 1467 1034 1528 12.
1046 1467 1075 1528 3.
1090 1470 1126 1528 P.
1143 1469 1241 1544 Scipio
1255 1471 1439 1530 Aemilianus

320 1575 503 1635 Macedonici
537 1575 627 1646 filius,
664 1592 682 1633 a
717 1574 852 1650 Scipione
991 1594 1076 1650 quem
1087 1577 1182 1636 Paulo
1197 1577 1338 1652 genitum,
1351 1577 1439 1652 adop·

321 1683 464 1742 Africano
486 1683 684 1755 adoptatus..
698 1727 704 1740 .
717 1727 724 1740 .
749 1681 778 1741 2.
793 1683 853 1740 Lu·
907 1686 1004 1740 tatum
1025 1701 1043 1741 a
1057 1681 1202 1757 Scipione,
1219 1683 1355 1742 Africani
1369 1684 1438 1754 fiho,

320 1791 398 1848 oullo
418 1789 449 1847 iu
469 1789 616 1862 Hispania
636 1791 756 1864 legatus
775 1790 854 1863 apud
908 1789 1042 1859 diximus,
1059 1789 1239 1848 aedilitatem
1253 1794 1358 1864 petens
1373 1808 1439 1850 cou-

320 1896 512 1955 Intercatiam
527 1897 664 1970 oppidum
680 1900 855 1970 provocato·
907 1897 952 1954 sul
984 1900 1102 1980 creatus
1129 1896 1238 1954 bellum
1263 1881 1440 1972 Carthagini

321 2020 384 2061 rem
393 2003 538 2078 singulari
547 2003 657 2077 proelio
666 2003 747 2061 vicit.
755 2000 853 2076 amo·
909 2050 916 2064 .
929 2047 936 2060 .
949 2046 956 2061 .
969 2047 976 2061 .
997 2003 1107 2061 maiore
1120 2003 1151 2061 vi
1164 2003 1275 2074 intulit,
1291 2022 1356 2062 cum
1370 2010 1439 2063 aute

258 2095 267 2112 ”
321 2126 373 2167 ros
386 2109 503 2169 hostilis
525 2109 654 2168 civitatis
675 2111 786 2184 primus
807 2127 853 2169 as·
907 2111 937 2168 in
957 2109 1105 2184 Hispania
1128 2111 1234 2167 murali
1260 2128 1377 2182 corona,
1408 2112 1439 2169 in

320 2215 429 2291 cendit.
451 2214 480 2275 4.
486 2216 631 2275 Tribunus
642 2217 673 2275 in
683 2217 787 2276 Africa
798 2216 852 2275 sub
908 2216 1014 2275 Africa
1026 2188 1200 2275 obsidionali
1212 2217 1339 2275 donatus
1349 2222 1438 2288 esset,

319 2323 354 2382 Τ.
376 2323 496 2382 Manilio
519 2324 696 2398 imperatore
718 2329 785 2382 octo
807 2341 853 2382 co-
907 2323 937 2381 iu
952 2322 1099 2397 Hispania
1119 2340 1190 2382 vero
1212 2324 1300 2382 etiam
1319 2341 1356 2382 cx
1373 2343 1441 2399 pro*

321 2431 424 2488 hortos
436 2430 586 2489 obsidione
596 2431 722 2489 vallatas
733 2431 853 2489 consilio
908 2430 1063 2489 vocatione
1089 2431 1154 2504 ipse
1179 2430 1310 2489 modicus
1335 2431 1440 2490 virium

321 2537 479 2596 etvirtute
495 2538 634 2607 servavit,
654 2537 793 2610 aquibus
808 2555 854 2595 oo·
908 2537 1042 2595 immanis
1076 2517 1290 2611 magnitudinis
1324 2539 1440 2596 hostem

323 2660 395 2701 rona
417 2643 590 2702 obsidionali
611 2660 701 2701 aurea
717 2645 852 2703 donatus
907 2644 1116 2713 interemisset;
1139 2661 1259 2717 eamque
1280 2644 1439 2703 urbem...

320 2747 854 2824 hilumaedihtatempetereacousul
908 2751 1042 2809 funditus
1063 2751 1194 2809 sustulit.

323 2862 392 2915 anta
406 2874 499 2915 anuos
518 2859 598 2915 ultro
617 2858 714 2917 factus
729 2857 854 2917 Cartha·
891 2875 893 2882 ’
948 2858 989 2916 ΙΙ.
1001 2855 1029 2916 4.
1041 2856 1070 2916 4.
1085 2858 1142 2927 hic,
1160 2875 1225 2916 eum
1234 2858 1440 2933 interrogante

321 2963 423 3038 ginem
440 2964 520 3022 intra
539 2981 592 3022 sex
605 2981 721 3024 menses
737 2965 854 3024 delevit.
909 2964 1028 3023 tribuno
1059 2964 1203 3034 Carbone,
1236 2964 1305 3038 quid
1334 2965 1369 3023 de
1396 2965 1440 3023 ri.

362 3067 390 3128 8.
419 3069 465 3129 Ob
496 3089 544 3130 res
575 3076 680 3145 gestas
711 3073 854 3145 superbus
910 3071 1038 3130 Gracchi
1060 3072 1149 3130 caede
1170 3073 1303 3140 sentiret,
1321 3089 1441 3146 respon·

241 3220 254 3247 ,
323 3176 492 3236 Gracchum
522 3178 585 3236 iure
616 3195 732 3237 caesum
762 3178 855 3237 videri
910 3179 961 3248 dit,
984 3179 1009 3236 si
1023 3178 1049 3236 is
1064 3179 1250 3252 occupandae
1263 3179 1441 3252 reipublicae

324 3283 490 3357 respondit,
521 3284 710 3358 obstrepente
733 3286 854 3359 populo:
910 3286 1037 3344 animum
1051 3285 1213 3356 habuisset,
1232 3286 1295 3344 iure
1309 3302 1438 3354 caesum;

323 3390 464 3461 Taceaut,
476 3391 579 3464 inquit,
592 3391 697 3464 quibus
707 3392 797 3450 Italia
805 3410 855 3451 no·
911 3396 1017 3451 etcum
1027 3391 1439 3462 omniscontioadclamasset,

324 3514 421 3568 verca,
436 3515 495 3556 non
509 3502 605 3556 mater
616 3504 670 3568 est,
687 3504 718 3557 et
729 3499 854 3558 addidit:
910 3499 1048 3569 hostium,
1070 3499 1173 3572 iuquit,
1196 3503 1376 3558 armatorum
1397 3503 1442 3557 to·

323 3621 398 3676 quos
419 3621 476 3679 ego
498 3605 552 3663 sub
567 3622 675 3664 corona
688 3607 815 3679 vendidi.
910 3607 988 3664 tiens
1009 3607 1136 3664 clamore
1156 3623 1215 3663 uon
1236 3607 1367 3676 territus
1393 3607 1441 3680 qui

357 3708 403 3769 10.
415 3710 562 3786 Su'scepta
572 3713 756 3787 agrariorum
767 3730 856 3772 causa
910 3730 1030 3787 possum
1050 3717 1151 3770 vestro
1172 3713 1292 3784 moveri,
1319 3730 1442 3786 quorum

327 3818 416 3876 domi
442 3823 591 3893 repente
612 3820 785 3878 exanimis
806 3821 856 3878 in·
910 3837 1038 3878 noverca
1052 3818 1220 3878 estItaha?
1251 3817 1280 3881 5.
1291 3820 1441 3878 Reversus

325 3930 466 3996 ventus,
517 3925 687 3984 obv'oluto
738 3927 856 4000 capite
909 3926 1441 4001 iuurbemintrabrevetempus....

327 4031 857 4107 elatusuelivorinoreappa·
910 4050 1010 4092 mane
1040 4034 1075 4091 in
1107 4034 1242 4092 lectulo
1277 4037 1442 4106 repertus

327 4144 428 4196 reret.
911 4146 968 4199 est
987 4146 1162 4210 mortuus,
1183 4139 1228 4198 ita
1248 4144 1281 4198 ut
1300 4140 1442 4213 quaedam
