3266 5292
785 493 982 551 ..8.-

322 664 398 722 enim
420 679 457 720 cx
478 662 696 735 computatione
718 661 859 720 Claudius
880 666 912 720 et
930 661 1093 720 Tuditanus
1114 663 1179 735 ipso
1202 666 1308 734 quarto
1331 662 1444 720 decimo

323 774 354 828 et
374 768 691 843 quingentesimae.
707 769 932 827 annoconsulcs
953 768 1073 826 fuerunt
1088 803 1135 838 -,
1153 765 1258 827 'tamen
1278 769 1337 826 iste
1357 769 1442 827 nobis

321 876 499 949 persuadere
520 876 585 932 vult
606 873 646 948 (p.
667 872 719 951 24)
741 875 886 933 Velleium
913 892 1051 934 numeros
1072 875 1168 932 tribus
1190 875 1273 933 annis
1294 893 1312 932 a
1332 874 1445 933 Varro-

321 983 410 1041 niana
439 982 554 1040 ratione
585 980 758 1059 recedentes
789 999 826 1040 ex
860 981 935 1039 libro
966 982 1064 1040 annali
1094 982 1224 1055 petiisse,
1261 999 1326 1039 cum
1359 982 1442 1040 dicit:

321 1089 467 1159 Atticum,
501 1089 550 1161 qui
570 1105 678 1146 novam
698 1088 1010 1161 temporisrationem
1036 1088 1209 1158 instituerit,
1240 1089 1271 1146 in
1292 1089 1367 1147 libro
1389 1105 1442 1147 suc

322 1195 358 1254 de
380 1195 543 1271 differentia
562 1211 712 1266 annorum,
736 1212 810 1268 quae
832 1199 897 1253 erat
917 1195 947 1253 in
967 1195 1121 1254 annalibus
1143 1200 1174 1253 et
1193 1196 1222 1253 in
1245 1197 1442 1253 monumentis

321 1302 453 1374 publicis,
481 1303 654 1360 disseruisse
681 1306 769 1374 atque
796 1302 838 1360 sic
863 1301 926 1359 fleri
952 1302 1093 1375 potuisse,
1116 1307 1151 1360 ut
1173 1303 1303 1361 Velleius
1325 1302 1367 1360 ad
1387 1319 1443 1360 ra*

322 1410 453 1467 tionem
474 1425 542 1466 non
563 1409 630 1467 iam
651 1409 823 1467 usitatam
845 1425 919 1481 quos
932 1409 962 1466 in
981 1409 1063 1466 fonte
1078 1426 1131 1467 suo
1146 1407 1292 1467 inveniret
1305 1426 1443 1468 numeros

321 1515 479 1590 redigeret.
495 1550 534 1556 —
554 1515 605 1572 Ad
625 1516 702 1574 hanc
723 1516 901 1574 sententiam
922 1533 1005 1574 suam
1025 1516 1105 1574 haud
1126 1516 1186 1574 scio
1209 1533 1246 1574 an
1269 1533 1442 1589 quemquam

320 1622 473 1695 perducat.
507 1623 585 1680 Nam
606 1623 631 1680 si
652 1639 757 1680 revera
777 1623 890 1681 Noster
908 1623 1045 1681 Atticum
1068 1627 1188 1680 secutus
1210 1627 1266 1692 est,
1289 1623 1354 1695 quis
1376 1640 1442 1681 eum

321 1728 394 1787 alios
415 1729 445 1785 in
466 1728 540 1786 libro
563 1730 661 1787 annali
682 1729 837 1800 invenisse,
860 1729 934 1788 alios
954 1730 984 1787 in
1006 1746 1058 1787 suo
1081 1746 1168 1802 opere
1190 1729 1357 1788 exhibuisse
1388 1748 1439 1788 nu-

320 1851 417 1892 meros
443 1835 498 1892 sibi
523 1835 719 1908 persuadeat?
761 1836 816 1895 Uti
843 1853 909 1894 eum
939 1837 1077 1894 maluisse
1109 1837 1297 1912 computandi
1328 1838 1442 1895 ratione

321 1941 358 2000 ab
385 1958 418 1998 eo
443 1942 508 2015 ipso
535 1946 664 2012 auctore,
698 1960 783 2015 quern
815 1947 934 2000 secutus
967 1959 1032 2001 esse
1058 1943 1174 2012 dicitur,
1207 1945 1318 2002 reiecta
1344 1961 1378 2002 ae
1399 1961 1442 2001 re·

320 2048 459 2121 probata!
506 2048 674 2107 Mehercule
701 2050 743 2107 sic
769 2049 875 2108 fuisset
901 2049 935 2120 ie,
969 2050 1026 2122 qui,
1060 2067 1234 2123 quamquam
1260 2051 1381 2109 meliora
1401 2051 1442 2108 vi-

323 2155 415 2225 deret,
438 2155 585 2214 deteriora
606 2161 789 2229 sequeretur.
844 2192 846 2201 ·

400 2263 446 2319 At
477 2263 592 2320 omnino
624 2280 763 2322 numeros
793 2263 964 2322 Vellaianos
999 2280 1058 2321 non
1092 2267 1208 2322 tantam
1239 2264 1299 2322 vim
1333 2264 1442 2322 habere

321 2369 466 2438 existimo,
494 2374 635 2442 quantam
661 2370 772 2428 Kaisar
798 2369 835 2428 iis
866 2370 981 2428 tribuit.
1022 2371 1100 2428 Nem
1122 2375 1153 2428 ct
1174 2371 1308 2429 consulto
1330 2372 1443 2429 Noster

321 2475 438 2548 saepius
458 2475 602 2534 rotundos
623 2493 761 2535 numeros
781 2477 916 2550 posuisse
936 2476 1063 2546 videtur,
1084 2477 1115 2534 id
1136 2476 1214 2550 quod
1234 2477 1305 2535 mihi
1327 2478 1442 2557 quidem

321 2598 339 2639 a
359 2581 487 2640 Kaisero
509 2581 560 2660 (ci.
581 2601 609 2656 p.
633 2579 680 2640 15.
701 2586 763 2641 not.
787 2580 816 2659 1)
839 2583 1024 2642 dissentienti
1048 2601 1138 2642 voces
1162 2585 1230 2641 illae
1260 2583 1370 2654 ‚lerme'
1395 2587 1443 2642 vel

322 2687 401 2758 ,iere'
416 2689 463 2746 vel
479 2686 613 2758 ‚circiter’
628 2690 775 2748 nonnullis
795 2691 924 2748 numeris
940 2692 1102 2764 appositae,
1125 2691 1221 2749 sedin
1237 2691 1301 2750 aliis
1316 2692 1441 2750 omissae

322 2795 483 2865 declarant,
516 2800 547 2853 et
570 2795 635 2853 ficri
656 2797 761 2869 potuit,
785 2789 823 2854 'ut
842 2797 999 2867 interdum,
1033 2815 1107 2871 quae
1133 2802 1200 2856 erat
1225 2798 1287 2857 eius
1309 2797 1443 2856 socordia

321 2918 356 2959 ac
387 2903 589 2976 neglegentia,
621 2919 725 2975 parurn
757 2908 896 2962 accurate
927 2921 978 2962 ecs
1010 2905 1178 2973 exhiberet;
1210 2923 1278 2962 nam
1303 2921 1340 2962 nc
1370 2904 1442 2962 illud

322 3008 437 3081 quidem
458 3009 677 3083 neglegendum
698 3013 754 3080 est,
777 3010 855 3082 quod
875 3010 1040 3069 rectissime
1060 3015 1161 3068 monet
1181 3010 1315 3069 Kritzius
1338 3011 1441 3084 (praei.

320 3133 349 3189 p.
365 3114 477 3190 XLV),
499 3120 618 3174 veteres
639 3116 685 3174 his
707 3118 736 3174 in
758 3116 847 3174 rebus
868 3117 947 3176 haud
967 3133 1036 3175 raro
1058 3117 1095 3174 ab
1117 3133 1217 3175 errore
1237 3134 1296 3175 non
1318 3118 1441 3186 cavisse,

321 3223 427 3294 quippe
445 3223 497 3294 qui
517 3239 576 3280 non
597 3227 659 3280 tam
674 3223 823 3281 accuratis
838 3223 1042 3298 expeditisque
1060 3227 1095 3281 ut
1108 3240 1162 3282 nos
1177 3223 1264 3282 hodie
1277 3229 1441 3298 temporum

321 3329 519 3387 notandorum
540 3330 657 3388 auxiliis
678 3333 842 3388 uterentur.
874 3331 1044 3402 Utcumque
1065 3336 1121 3401 est,
1144 3336 1276 3404 systema
1296 3330 1442 3404 quoddam

321 3454 359 3494 ex
389 3436 517 3494 numeris
538 3435 700 3495 Velleianis
721 3437 772 3494 vix
804 3437 946 3495 conficere
977 3438 1085 3496 licebit.
1107 3471 1147 3480 —--·
1167 3437 1278 3506 Verum
1311 3442 1345 3495 ut
1376 3456 1442 3496 con-

322 3543 423 3602 cedam
444 3548 526 3602 recte
547 3547 789 3618 argumentatum
810 3561 876 3606 esse
896 3545 1070 3603 Kaiserum:
1104 3544 1207 3618 ecquid
1228 3550 1291 3603 tum
1318 3545 1442 3618 amplius

321 3650 460 3724 probavit
484 3651 551 3721 iste,
575 3667 662 3722 quam
683 3668 721 3708 ex
740 3651 851 3710 Annali
873 3650 1062 3724 depromptas
1084 3668 1150 3710 esse
1171 3669 1219 3710 res
1241 3651 1382 3724 quasdam
1405 3652 1442 3709 ad

319 3756 527 3832 genealogiam
548 3758 595 3816 vel
617 3757 839 3831 chronologiam
861 3761 1032 3832 spectantes
1054 3762 1143 3831 atquc
1168 3759 1359 3816 nonnullos
1390 3776 1442 3817 nu-

319 3881 426 3933 meros
457 3864 683 3940 haudquaquam
715 3868 815 3923 tamen
837 3865 957 3924 omnes?
998 3866 1105 3924 Nonne
1125 3866 1188 3939 ipse
1209 3865 1320 3923 Kaisar
1340 3866 1370 3924 in
1391 3883 1442 3923 nu-

319 3971 408 4034 meris
435 3971 609 4044 scriptorem
640 3971 714 4030 adeo
745 3989 804 4029 non
835 3971 891 4030 sibi
924 3973 1093 4030 constitisse
1125 3972 1268 4043 concedit,
1301 3972 1386 4030 utin
1406 3973 1442 4030 iis

321 4094 435 4150 quoque
456 4078 618 4150 particulis,
641 4095 716 4150 quae
738 4095 804 4136 cum
824 4082 969 4152 perpetua
989 4081 1160 4138 narratione
1182 4079 1256 4137 bene
1271 4080 1440 4148 cohaerent,

320 4184 467 4242 interdurn
498 4184 548 4244 alii
579 4188 668 4257 atque
686 4202 775 4258 quos
806 4186 864 4244 iste
896 4184 1001 4244 Attico
1022 4185 1194 4244 tribuendos
1216 4189 1318 4244 censet
1339 4185 1443 4244 calculi
