<?xml version="1.0" encoding="UTF-8"?>
<!DOCTYPE html PUBLIC "-//W3C//DTD XHTML 1.0 Transitional//EN"
    "http://www.w3.org/TR/xhtml1/DTD/xhtml1-transitional.dtd">
<html xmlns="http://www.w3.org/1999/xhtml" xml:lang="en" lang="en">
 <head>
  <title>
</title>
<meta http-equiv="Content-Type" content="text/html;charset=utf-8" />
  <meta name='ocr-system' content='tesseract 3.04.00' />
  <meta name='ocr-capabilities' content='ocr_page ocr_carea ocr_par ocr_line ocrx_word'/>
</head>
<body>
  <div class='ocr_page' id='page_1' title='image "./defontibusvelle00burmgoog_0029.png"; bbox 0 0 3266 5292; ppageno 0'>
   <div class='ocr_carea' id='block_1_1' title="bbox 816 545 1041 606">
    <p class='ocr_par' dir='ltr' id='par_1_1' title="bbox 816 545 1041 606">
     <span class='ocr_line' id='line_1_1' title="bbox 816 545 1041 606; baseline 0 -20"><span class='ocrx_word' id='word_1_1' title='bbox 816 545 1041 606; x_wconf 73' lang='lat'><strong>..18-</strong></span> 
     </span>
    </p>
   </div>
   <div class='ocr_carea' id='block_1_2' title="bbox 368 714 1499 3141">
    <p class='ocr_par' dir='ltr' id='par_1_2' title="bbox 368 714 1499 3141">
     <span class='ocr_line' id='line_1_2' title="bbox 368 714 1491 793; baseline -0.004 -15"><span class='ocrx_word' id='word_1_2' title='bbox 368 718 542 793; x_wconf 84' lang='lat' dir='ltr'><strong>Apollodori</strong></span> <span class='ocrx_word' id='word_1_3' title='bbox 568 717 707 776; x_wconf 88' lang='lat' dir='ltr'><strong>chronica</strong></span> <span class='ocrx_word' id='word_1_4' title='bbox 732 720 853 775; x_wconf 92' lang='lat' dir='ltr'><strong>secutus</strong></span> <span class='ocrx_word' id='word_1_5' title='bbox 887 733 972 776; x_wconf 92' lang='lat' dir='ltr'><strong>omne</strong></span> <span class='ocrx_word' id='word_1_6' title='bbox 997 733 1102 776; x_wconf 85' lang='lat' dir='ltr'><strong>aevum</strong></span> <span class='ocrx_word' id='word_1_7' title='bbox 1126 714 1273 791; x_wconf 81' lang='lat' dir='ltr'><strong>&#39;explicare</strong></span> <span class='ocrx_word' id='word_1_8' title='bbox 1297 732 1388 774; x_wconf 89' lang='lat' dir='ltr'><strong>ausus</strong></span> <span class='ocrx_word' id='word_1_9' title='bbox 1416 722 1491 786; x_wconf 81' lang='lat' dir='ltr'><strong>erat,</strong></span> 
     </span>
     <span class='ocr_line' id='line_1_3' title="bbox 371 822 1494 886; baseline -0.004 -1"><span class='ocrx_word' id='word_1_10' title='bbox 371 825 584 886; x_wconf 89' lang='lat' dir='ltr'><strong>studiosissime</strong></span> <span class='ocrx_word' id='word_1_11' title='bbox 613 824 767 882; x_wconf 87' lang='lat' dir='ltr'><strong>lectitatae</strong></span> <span class='ocrx_word' id='word_1_12' title='bbox 797 824 927 882; x_wconf 89' lang='lat' dir='ltr'><strong>omnium</strong></span> <span class='ocrx_word' id='word_1_13' title='bbox 956 824 987 881; x_wconf 94' lang='lat' dir='ltr'><strong>in</strong></span> <span class='ocrx_word' id='word_1_14' title='bbox 1017 823 1153 882; x_wconf 87' lang='lat' dir='ltr'><strong>manibus</strong></span> <span class='ocrx_word' id='word_1_15' title='bbox 1178 822 1376 882; x_wconf 78' lang='lat' dir='ltr'><strong>versabantur</strong></span> <span class='ocrx_word' id='word_1_16' title='bbox 1404 828 1437 882; x_wconf 90' lang='lat' dir='ltr'><strong>et</strong></span> <span class='ocrx_word' id='word_1_17' title='bbox 1463 823 1494 881; x_wconf 95' lang='lat' dir='ltr'><strong>in</strong></span> 
     </span>
     <span class='ocr_line' id='line_1_4' title="bbox 370 929 1495 1007; baseline -0.002 -16"><span class='ocrx_word' id='word_1_18' title='bbox 370 933 479 992; x_wconf 88' lang='lat' dir='ltr'><strong>scholis</strong></span> <span class='ocrx_word' id='word_1_19' title='bbox 503 949 659 1007; x_wconf 88' lang='lat' dir='ltr'><strong>puerorum</strong></span> <span class='ocrx_word' id='word_1_20' title='bbox 685 931 775 990; x_wconf 90' lang='lat' dir='ltr'><strong>etiam</strong></span> <span class='ocrx_word' id='word_1_21' title='bbox 802 931 983 989; x_wconf 76' lang='lat' dir='ltr'><strong>institutioni</strong></span> <span class='ocrx_word' id='word_1_22' title='bbox 1003 930 1173 990; x_wconf 87' lang='lat' dir='ltr'><strong>inserviisso</strong></span> <span class='ocrx_word' id='word_1_23' title='bbox 1193 929 1381 1007; x_wconf 55' lang='lat' dir='ltr'><strong>prensuras</strong></span> <span class='ocrx_word' id='word_1_24' title='bbox 1421 931 1495 990; x_wconf 90' lang='lat' dir='ltr'><strong>Hoc</strong></span> 
     </span>
     <span class='ocr_line' id='line_1_5' title="bbox 369 1037 1495 1121; baseline -0.002 -25"><span class='ocrx_word' id='word_1_25' title='bbox 369 1037 464 1114; x_wconf 79' lang='lat' dir='ltr'><strong>igitur</strong></span> <span class='ocrx_word' id='word_1_26' title='bbox 484 1045 618 1121; x_wconf 65' lang='grc' dir='ltr'>ἐγχειριδίῳ</span> <span class='ocrx_word' id='word_1_27' title='bbox 641 1038 709 1111; x_wconf 87' lang='lat' dir='ltr'><strong>quid</strong></span> <span class='ocrx_word' id='word_1_28' title='bbox 730 1037 910 1096; x_wconf 88' lang='lat' dir='ltr'><strong>commodius</strong></span> <span class='ocrx_word' id='word_1_29' title='bbox 932 1055 1007 1108; x_wconf 85' lang='lat' dir='ltr'><strong>esse,</strong></span> <span class='ocrx_word' id='word_1_30' title='bbox 1029 1037 1098 1110; x_wconf 88' lang='lat' dir='ltr'><strong>quid</strong></span> <span class='ocrx_word' id='word_1_31' title='bbox 1117 1038 1215 1112; x_wconf 84' lang='lat' dir='ltr'><strong>magis</strong></span> <span class='ocrx_word' id='word_1_32' title='bbox 1229 1037 1359 1097; x_wconf 86' lang='lat' dir='ltr'><strong>arridere</strong></span> <span class='ocrx_word' id='word_1_33' title='bbox 1372 1041 1495 1112; x_wconf 87' lang='lat' dir='ltr'><strong>poterat</strong></span> 
     </span>
     <span class='ocr_line' id='line_1_6' title="bbox 371 1144 1492 1218; baseline -0.004 -13"><span class='ocrx_word' id='word_1_34' title='bbox 371 1147 493 1215; x_wconf 80' lang='lat' dir='ltr'><strong>Nostro,</strong></span> <span class='ocrx_word' id='word_1_35' title='bbox 520 1145 569 1218; x_wconf 90' lang='lat' dir='ltr'><strong>qui</strong></span> <span class='ocrx_word' id='word_1_36' title='bbox 595 1144 822 1218; x_wconf 81' lang='lat' dir='ltr'>haudquaquam</span> <span class='ocrx_word' id='word_1_37' title='bbox 849 1145 956 1203; x_wconf 87' lang='lat' dir='ltr'><strong>doctus</strong></span> <span class='ocrx_word' id='word_1_38' title='bbox 976 1161 1031 1202; x_wconf 91' lang='lat' dir='ltr'><strong>nec</strong></span> <span class='ocrx_word' id='word_1_39' title='bbox 1051 1144 1204 1204; x_wconf 90' lang='lat' dir='ltr'><strong>litteratus</strong></span> <span class='ocrx_word' id='word_1_40' title='bbox 1225 1144 1262 1203; x_wconf 91' lang='lat' dir='ltr'><strong>ad</strong></span> <span class='ocrx_word' id='word_1_41' title='bbox 1283 1145 1438 1204; x_wconf 85' lang='lat' dir='ltr'><strong>historiam</strong></span> <span class='ocrx_word' id='word_1_42' title='bbox 1459 1161 1492 1202; x_wconf 89' lang='lat' dir='ltr'><strong>se</strong></span> 
     </span>
     <span class='ocr_line' id='line_1_7' title="bbox 373 1250 1495 1325; baseline -0.002 -13"><span class='ocrx_word' id='word_1_43' title='bbox 373 1252 516 1312; x_wconf 76' lang='lat' dir='ltr'><strong>contulit?</strong></span> <span class='ocrx_word' id='word_1_44' title='bbox 548 1253 597 1311; x_wconf 89' lang='lat' dir='ltr'><strong>Ae</strong></span> <span class='ocrx_word' id='word_1_45' title='bbox 618 1255 698 1310; x_wconf 88' lang='lat' dir='ltr'><strong>certe</strong></span> <span class='ocrx_word' id='word_1_46' title='bbox 720 1250 889 1310; x_wconf 78' lang='lat' dir='ltr'><strong>Corneliani</strong></span> <span class='ocrx_word' id='word_1_47' title='bbox 911 1252 1008 1325; x_wconf 91' lang='lat' dir='ltr'><strong>operis</strong></span> <span class='ocrx_word' id='word_1_48' title='bbox 1028 1251 1155 1311; x_wconf 77' lang='lat' dir='ltr'><strong>formam</strong></span> <span class='ocrx_word' id='word_1_49' title='bbox 1176 1256 1265 1325; x_wconf 88' lang='lat' dir='ltr'><strong>atque</strong></span> <span class='ocrx_word' id='word_1_50' title='bbox 1284 1250 1412 1311; x_wconf 83' lang='lat' dir='ltr'><strong>indolem</strong></span> <span class='ocrx_word' id='word_1_51' title='bbox 1431 1251 1495 1310; x_wconf 88' lang='lat' dir='ltr'><strong>imi·</strong></span> 
     </span>
     <span class='ocr_line' id='line_1_8' title="bbox 374 1356 1493 1432; baseline -0.003 -14"><span class='ocrx_word' id='word_1_52' title='bbox 374 1363 457 1419; x_wconf 90' lang='lat' dir='ltr'><strong>tatus</strong></span> <span class='ocrx_word' id='word_1_53' title='bbox 477 1359 592 1418; x_wconf 87' lang='lat' dir='ltr'><strong>initium</strong></span> <span class='ocrx_word' id='word_1_54' title='bbox 613 1356 759 1418; x_wconf 84' lang='lat' dir='ltr'><strong>scribendi</strong></span> <span class='ocrx_word' id='word_1_55' title='bbox 779 1357 847 1416; x_wconf 89' lang='lat' dir='ltr'><strong>inde</strong></span> <span class='ocrx_word' id='word_1_56' title='bbox 869 1359 906 1416; x_wconf 88' lang='lat' dir='ltr'><strong>ab</strong></span> <span class='ocrx_word' id='word_1_57' title='bbox 929 1358 1140 1431; x_wconf 84' lang='lat' dir='ltr'><strong>antiquissimis</strong></span> <span class='ocrx_word' id='word_1_58' title='bbox 1162 1359 1345 1432; x_wconf 81' lang='lat' dir='ltr'><strong>temporibus</strong></span> <span class='ocrx_word' id='word_1_59' title='bbox 1367 1358 1446 1432; x_wconf 90' lang='lat' dir='ltr'><strong>cepit</strong></span> <span class='ocrx_word' id='word_1_60' title='bbox 1461 1360 1493 1416; x_wconf 91' lang='lat' dir='ltr'><strong>et</strong></span> 
     </span>
     <span class='ocr_line' id='line_1_9' title="bbox 371 1463 1496 1539; baseline -0.004 -14"><span class='ocrx_word' id='word_1_61' title='bbox 371 1467 548 1536; x_wconf 88' lang='lat' dir='ltr'><strong>universam,</strong></span> <span class='ocrx_word' id='word_1_62' title='bbox 569 1482 628 1523; x_wconf 94' lang='lat' dir='ltr'><strong>non</strong></span> <span class='ocrx_word' id='word_1_63' title='bbox 649 1465 744 1524; x_wconf 90' lang='lat' dir='ltr'><strong>solum</strong></span> <span class='ocrx_word' id='word_1_64' title='bbox 758 1463 924 1522; x_wconf 90' lang='lat' dir='ltr'><strong>Romanam</strong></span> <span class='ocrx_word' id='word_1_65' title='bbox 944 1465 1108 1535; x_wconf 84' lang='lat' dir='ltr'><strong>historiam,</strong></span> <span class='ocrx_word' id='word_1_66' title='bbox 1130 1481 1305 1539; x_wconf 88' lang='lat' dir='ltr'><strong>componere</strong></span> <span class='ocrx_word' id='word_1_67' title='bbox 1324 1464 1380 1523; x_wconf 92' lang='lat' dir='ltr'><strong>sibi</strong></span> <span class='ocrx_word' id='word_1_68' title='bbox 1394 1481 1496 1538; x_wconf 92' lang='lat' dir='ltr'><strong>sump-</strong></span> 
     </span>
     <span class='ocr_line' id='line_1_10' title="bbox 371 1570 1496 1664; baseline -0.002 -32"><span class='ocrx_word' id='word_1_69' title='bbox 371 1574 420 1632; x_wconf 84' lang='lat' dir='ltr'><strong>sit</strong></span> <span class='ocrx_word' id='word_1_70' title='bbox 463 1571 549 1646; x_wconf 77' lang='lat' dir='ltr'><strong>Quod</strong></span> <span class='ocrx_word' id='word_1_71' title='bbox 574 1571 690 1645; x_wconf 86' lang='lat' dir='ltr'><strong>quidem</strong></span> <span class='ocrx_word' id='word_1_72' title='bbox 716 1571 1039 1664; x_wconf 66' lang='lat' dir='ltr'><strong>consiliumquomotlo</strong></span> <span class='ocrx_word' id='word_1_73' title='bbox 1061 1575 1220 1630; x_wconf 81' lang='lat' dir='ltr'><strong>exsecutus</strong></span> <span class='ocrx_word' id='word_1_74' title='bbox 1241 1572 1291 1642; x_wconf 88' lang='lat' dir='ltr'><strong>sit,</strong></span> <span class='ocrx_word' id='word_1_75' title='bbox 1317 1570 1496 1646; x_wconf 80' lang='lat' dir='ltr'><strong>singillatim</strong></span> 
     </span>
     <span class='ocr_line' id='line_1_11' title="bbox 375 1677 1494 1754; baseline -0.002 -16"><span class='ocrx_word' id='word_1_76' title='bbox 375 1679 541 1754; x_wconf 87' lang='lat' dir='ltr'><strong>perspicere</strong></span> <span class='ocrx_word' id='word_1_77' title='bbox 560 1679 619 1737; x_wconf 87' lang='lat' dir='ltr'><strong>iam</strong></span> <span class='ocrx_word' id='word_1_78' title='bbox 633 1695 692 1736; x_wconf 94' lang='lat' dir='ltr'><strong>non</strong></span> <span class='ocrx_word' id='word_1_79' title='bbox 706 1678 784 1748; x_wconf 86' lang='lat' dir='ltr'><strong>licet,</strong></span> <span class='ocrx_word' id='word_1_80' title='bbox 807 1678 945 1750; x_wconf 87' lang='lat' dir='ltr'><strong>quoniam</strong></span> <span class='ocrx_word' id='word_1_81' title='bbox 960 1694 1025 1736; x_wconf 93' lang='lat' dir='ltr'><strong>eam</strong></span> <span class='ocrx_word' id='word_1_82' title='bbox 1038 1678 1194 1736; x_wconf 86' lang='lat' dir='ltr'><strong>voluminis</strong></span> <span class='ocrx_word' id='word_1_83' title='bbox 1207 1677 1354 1736; x_wconf 87' lang='lat' dir='ltr'><strong>Velleiani</strong></span> <span class='ocrx_word' id='word_1_84' title='bbox 1367 1682 1494 1752; x_wconf 87' lang='lat' dir='ltr'><strong>partem,</strong></span> 
     </span>
     <span class='ocr_line' id='line_1_12' title="bbox 375 1784 1497 1860; baseline -0.003 -15"><span class='ocrx_word' id='word_1_85' title='bbox 375 1787 449 1860; x_wconf 82' lang='lat' dir='ltr'><strong>quae</strong></span> <span class='ocrx_word' id='word_1_86' title='bbox 475 1784 656 1844; x_wconf 84' lang='lat' dir='ltr'><strong>Graecorum</strong></span> <span class='ocrx_word' id='word_1_87' title='bbox 682 1789 909 1858; x_wconf 86' lang='lat' dir='ltr'><strong>exterorumque</strong></span> <span class='ocrx_word' id='word_1_88' title='bbox 940 1802 988 1842; x_wconf 90' lang='lat' dir='ltr'><strong>res</strong></span> <span class='ocrx_word' id='word_1_89' title='bbox 1012 1801 1105 1857; x_wconf 89' lang='lat' dir='ltr'><strong>usquo</strong></span> <span class='ocrx_word' id='word_1_90' title='bbox 1130 1784 1168 1842; x_wconf 90' lang='lat' dir='ltr'><strong>ad</strong></span> <span class='ocrx_word' id='word_1_91' title='bbox 1200 1784 1278 1843; x_wconf 90' lang='lat' dir='ltr'><strong>bella</strong></span> <span class='ocrx_word' id='word_1_92' title='bbox 1301 1784 1497 1843; x_wconf 85' lang='lat' dir='ltr'><strong>Macedonica</strong></span> 
     </span>
     <span class='ocr_line' id='line_1_13' title="bbox 373 1889 1498 1968; baseline -0.002 -17"><span class='ocrx_word' id='word_1_93' title='bbox 373 1897 479 1968; x_wconf 83' lang='lat' dir='ltr'><strong>gestas</strong></span> <span class='ocrx_word' id='word_1_94' title='bbox 500 1891 759 1965; x_wconf 76' lang='lat' dir='ltr'><strong>complectebatur,</strong></span> <span class='ocrx_word' id='word_1_95' title='bbox 782 1895 878 1949; x_wconf 87' lang='lat' dir='ltr'><strong>totam</strong></span> <span class='ocrx_word' id='word_1_96' title='bbox 899 1891 984 1950; x_wconf 89' lang='lat' dir='ltr'><strong>nobis</strong></span> <span class='ocrx_word' id='word_1_97' title='bbox 1004 1890 1104 1954; x_wconf 88' lang='lat' dir='ltr'><strong>invida</strong></span> <span class='ocrx_word' id='word_1_98' title='bbox 1124 1891 1245 1950; x_wconf 76' lang='lat' dir='ltr'><strong>fortuna</strong></span> <span class='ocrx_word' id='word_1_99' title='bbox 1265 1891 1403 1965; x_wconf 89' lang='lat' dir='ltr'><strong>abripuit.</strong></span> <span class='ocrx_word' id='word_1_100' title='bbox 1433 1889 1498 1949; x_wconf 84' lang='lat' dir='ltr'><strong>Sed</strong></span> 
     </span>
     <span class='ocr_line' id='line_1_14' title="bbox 373 1997 1496 2070; baseline -0.003 -12"><span class='ocrx_word' id='word_1_101' title='bbox 373 2017 407 2058; x_wconf 93' lang='lat' dir='ltr'><strong>re</strong></span> <span class='ocrx_word' id='word_1_102' title='bbox 427 2016 499 2057; x_wconf 86' lang='lat' dir='ltr'><strong>vera</strong></span> <span class='ocrx_word' id='word_1_103' title='bbox 520 1997 701 2057; x_wconf 85' lang='lat' dir='ltr'><strong>Graecorum</strong></span> <span class='ocrx_word' id='word_1_104' title='bbox 727 1998 807 2056; x_wconf 88' lang='lat' dir='ltr'><strong>haud</strong></span> <span class='ocrx_word' id='word_1_105' title='bbox 833 1999 930 2056; x_wconf 90' lang='lat' dir='ltr'><strong>minus</strong></span> <span class='ocrx_word' id='word_1_106' title='bbox 951 2015 1038 2070; x_wconf 88' lang='lat' dir='ltr'><strong>quarn</strong></span> <span class='ocrx_word' id='word_1_107' title='bbox 1058 1997 1259 2057; x_wconf 91' lang='lat' dir='ltr'><strong>Romanorum</strong></span> <span class='ocrx_word' id='word_1_108' title='bbox 1279 1998 1434 2057; x_wconf 89' lang='lat' dir='ltr'><strong>historiam</strong></span> <span class='ocrx_word' id='word_1_109' title='bbox 1457 1998 1496 2055; x_wconf 93' lang='lat' dir='ltr'><strong>ab</strong></span> 
     </span>
     <span class='ocr_line' id='line_1_15' title="bbox 376 2105 1493 2180; baseline -0.002 -15"><span class='ocrx_word' id='word_1_110' title='bbox 376 2123 410 2165; x_wconf 89' lang='lat' dir='ltr'><strong>eo</strong></span> <span class='ocrx_word' id='word_1_111' title='bbox 431 2109 593 2165; x_wconf 76' lang='lat' dir='ltr'><strong>tractatam</strong></span> <span class='ocrx_word' id='word_1_112' title='bbox 614 2105 706 2164; x_wconf 89' lang='lat' dir='ltr'><strong>fuisse</strong></span> <span class='ocrx_word' id='word_1_113' title='bbox 726 2105 959 2163; x_wconf 87' lang='lat' dir='ltr'><strong>luculentissime</strong></span> <span class='ocrx_word' id='word_1_114' title='bbox 979 2105 1164 2164; x_wconf 88' lang='lat' dir='ltr'><strong>demonstrat</strong></span> <span class='ocrx_word' id='word_1_115' title='bbox 1177 2122 1267 2163; x_wconf 93' lang='lat' dir='ltr'><strong>unum</strong></span> <span class='ocrx_word' id='word_1_116' title='bbox 1281 2105 1493 2180; x_wconf 81' lang='lat' dir='ltr'><strong>fragmentum,</strong></span> 
     </span>
     <span class='ocr_line' id='line_1_16' title="bbox 374 2209 1497 2289; baseline -0.001 -18"><span class='ocrx_word' id='word_1_117' title='bbox 374 2212 452 2286; x_wconf 88' lang='lat' dir='ltr'><strong>quod</strong></span> <span class='ocrx_word' id='word_1_118' title='bbox 476 2212 533 2270; x_wconf 92' lang='lat' dir='ltr'><strong>hac</strong></span> <span class='ocrx_word' id='word_1_119' title='bbox 558 2229 596 2271; x_wconf 80' lang='lat' dir='ltr'><strong>ex</strong></span> <span class='ocrx_word' id='word_1_120' title='bbox 621 2215 707 2286; x_wconf 89' lang='lat' dir='ltr'><strong>parte</strong></span> <span class='ocrx_word' id='word_1_121' title='bbox 733 2212 867 2270; x_wconf 82' lang='lat' dir='ltr'><strong>servavit</strong></span> <span class='ocrx_word' id='word_1_122' title='bbox 887 2210 1060 2270; x_wconf 87' lang='lat' dir='ltr'><strong>Priscianus</strong></span> <span class='ocrx_word' id='word_1_123' title='bbox 1073 2211 1128 2270; x_wconf 91' lang='lat' dir='ltr'><strong>VI.</strong></span> <span class='ocrx_word' id='word_1_124' title='bbox 1143 2209 1183 2271; x_wconf 83' lang='lat'><strong>63</strong></span> <span class='ocrx_word' id='word_1_125' title='bbox 1197 2230 1225 2286; x_wconf 94' lang='lat' dir='ltr'><strong>p.</strong></span> <span class='ocrx_word' id='word_1_126' title='bbox 1239 2209 1301 2271; x_wconf 81' lang='lat'><strong>248</strong></span> <span class='ocrx_word' id='word_1_127' title='bbox 1314 2211 1384 2289; x_wconf 77' lang='lat' dir='ltr'><strong>(le</strong></span> <span class='ocrx_word' id='word_1_128' title='bbox 1418 2212 1497 2283; x_wconf 88' lang='lat' dir='ltr'><strong>‚Nec</strong></span> 
     </span>
     <span class='ocr_line' id='line_1_17' title="bbox 375 2317 1499 2393; baseline -0.001 -15"><span class='ocrx_word' id='word_1_129' title='bbox 375 2321 472 2378; x_wconf 88' lang='lat' dir='ltr'><strong>minus</strong></span> <span class='ocrx_word' id='word_1_130' title='bbox 497 2319 595 2378; x_wconf 84' lang='lat' dir='ltr'><strong>clarus</strong></span> <span class='ocrx_word' id='word_1_131' title='bbox 621 2336 657 2376; x_wconf 92' lang='lat' dir='ltr'><strong>ea</strong></span> <span class='ocrx_word' id='word_1_132' title='bbox 681 2321 861 2392; x_wconf 86' lang='lat' dir='ltr'><strong>tempestate</strong></span> <span class='ocrx_word' id='word_1_133' title='bbox 887 2318 945 2376; x_wconf 89' lang='lat' dir='ltr'><strong>fuit</strong></span> <span class='ocrx_word' id='word_1_134' title='bbox 969 2318 1112 2378; x_wconf 81' lang='lat' dir='ltr'><strong>Miltiadis</strong></span> <span class='ocrx_word' id='word_1_135' title='bbox 1137 2318 1214 2377; x_wconf 88' lang='lat' dir='ltr'><strong>filius</strong></span> <span class='ocrx_word' id='word_1_136' title='bbox 1239 2317 1362 2378; x_wconf 60' lang='lat' dir='ltr'><strong>Cimon)</strong></span> <span class='ocrx_word' id='word_1_137' title='bbox 1409 2319 1499 2393; x_wconf 79' lang='lat' dir='ltr'><strong>Quod</strong></span> 
     </span>
     <span class='ocr_line' id='line_1_18' title="bbox 376 2425 1496 2500; baseline 0 -16"><span class='ocrx_word' id='word_1_138' title='bbox 376 2426 508 2500; x_wconf 84' lang='lat' dir='ltr'><strong>quamvis</strong></span> <span class='ocrx_word' id='word_1_139' title='bbox 540 2425 681 2499; x_wconf 82' lang='lat' dir='ltr'><strong>exiguum</strong></span> <span class='ocrx_word' id='word_1_140' title='bbox 711 2425 871 2483; x_wconf 76' lang='lat' dir='ltr'><strong>frustulum</strong></span> <span class='ocrx_word' id='word_1_141' title='bbox 902 2425 951 2495; x_wconf 84' lang='lat' dir='ltr'><strong>sit,</strong></span> <span class='ocrx_word' id='word_1_142' title='bbox 984 2427 1092 2496; x_wconf 84' lang='lat' dir='ltr'><strong>tamen,</strong></span> <span class='ocrx_word' id='word_1_143' title='bbox 1124 2430 1159 2484; x_wconf 87' lang='lat' dir='ltr'><strong>ut</strong></span> <span class='ocrx_word' id='word_1_144' title='bbox 1189 2426 1314 2484; x_wconf 90' lang='lat' dir='ltr'><strong>multum</strong></span> <span class='ocrx_word' id='word_1_145' title='bbox 1343 2427 1425 2484; x_wconf 89' lang='lat' dir='ltr'><strong>valet</strong></span> <span class='ocrx_word' id='word_1_146' title='bbox 1457 2427 1496 2484; x_wconf 85' lang='lat' dir='ltr'><strong>ad</strong></span> 
     </span>
     <span class='ocr_line' id='line_1_19' title="bbox 375 2531 1497 2606; baseline -0.002 -14"><span class='ocrx_word' id='word_1_147' title='bbox 375 2536 509 2592; x_wconf 88' lang='lat' dir='ltr'><strong>nostram</strong></span> <span class='ocrx_word' id='word_1_148' title='bbox 541 2531 718 2590; x_wconf 88' lang='lat' dir='ltr'><strong>sententiam</strong></span> <span class='ocrx_word' id='word_1_149' title='bbox 748 2531 940 2604; x_wconf 85' lang='lat' dir='ltr'><strong>probandam,</strong></span> <span class='ocrx_word' id='word_1_150' title='bbox 972 2532 1016 2590; x_wconf 89' lang='lat' dir='ltr'><strong>ita</strong></span> <span class='ocrx_word' id='word_1_151' title='bbox 1040 2531 1171 2590; x_wconf 87' lang='lat' dir='ltr'><strong>infirmat</strong></span> <span class='ocrx_word' id='word_1_152' title='bbox 1195 2532 1358 2606; x_wconf 86' lang='lat' dir='ltr'><strong>opinionem</strong></span> <span class='ocrx_word' id='word_1_153' title='bbox 1384 2549 1497 2602; x_wconf 86' lang='lat' dir='ltr'><strong>eorum,</strong></span> 
     </span>
     <span class='ocr_line' id='line_1_20' title="bbox 376 2637 1499 2713; baseline -0.002 -15"><span class='ocrx_word' id='word_1_154' title='bbox 376 2640 425 2713; x_wconf 87' lang='lat' dir='ltr'><strong>qui</strong></span> <span class='ocrx_word' id='word_1_155' title='bbox 449 2639 555 2698; x_wconf 83' lang='lat' dir='ltr'><strong>Attico</strong></span> <span class='ocrx_word' id='word_1_156' title='bbox 582 2639 815 2712; x_wconf 87' lang='lat' dir='ltr'><strong>patrocinantur.</strong></span> <span class='ocrx_word' id='word_1_157' title='bbox 858 2637 982 2696; x_wconf 89' lang='lat' dir='ltr'><strong>Librum</strong></span> <span class='ocrx_word' id='word_1_158' title='bbox 1007 2638 1083 2697; x_wconf 92' lang='lat' dir='ltr'><strong>enim</strong></span> <span class='ocrx_word' id='word_1_159' title='bbox 1110 2640 1244 2698; x_wconf 89' lang='lat' dir='ltr'><strong>annalem</strong></span> <span class='ocrx_word' id='word_1_160' title='bbox 1270 2641 1332 2698; x_wconf 90' lang='lat' dir='ltr'><strong>eius</strong></span> <span class='ocrx_word' id='word_1_161' title='bbox 1361 2640 1398 2698; x_wconf 92' lang='lat' dir='ltr'><strong>ab</strong></span> <span class='ocrx_word' id='word_1_162' title='bbox 1425 2640 1499 2698; x_wconf 88' lang='lat' dir='ltr'><strong>urbe</strong></span> 
     </span>
     <span class='ocr_line' id='line_1_21' title="bbox 376 2744 1498 2821; baseline -0.002 -15"><span class='ocrx_word' id='word_1_163' title='bbox 376 2746 497 2806; x_wconf 89' lang='lat' dir='ltr'><strong>condita</strong></span> <span class='ocrx_word' id='word_1_164' title='bbox 518 2745 747 2821; x_wconf 82' lang='lat' dir='ltr'><strong>incipientem²⁷)</strong></span> <span class='ocrx_word' id='word_1_165' title='bbox 768 2746 862 2804; x_wconf 90' lang='lat' dir='ltr'><strong>solam</strong></span> <span class='ocrx_word' id='word_1_166' title='bbox 885 2744 1050 2804; x_wconf 89' lang='lat' dir='ltr'><strong>Romanam</strong></span> <span class='ocrx_word' id='word_1_167' title='bbox 1070 2745 1225 2804; x_wconf 89' lang='lat' dir='ltr'><strong>historiam</strong></span> <span class='ocrx_word' id='word_1_168' title='bbox 1240 2747 1498 2820; x_wconf 88' lang='lat' dir='ltr'><strong>comprehendisse</strong></span> 
     </span>
     <span class='ocr_line' id='line_1_22' title="bbox 374 2853 1498 2927; baseline -0.002 -15"><span class='ocrx_word' id='word_1_169' title='bbox 374 2870 469 2927; x_wconf 88' lang='lat' dir='ltr'><strong>neque</strong></span> <span class='ocrx_word' id='word_1_170' title='bbox 489 2856 667 2922; x_wconf 84' lang='lat' dir='ltr'><strong>exterorum,</strong></span> <span class='ocrx_word' id='word_1_171' title='bbox 688 2853 745 2911; x_wconf 91' lang='lat' dir='ltr'><strong>nisi</strong></span> <span class='ocrx_word' id='word_1_172' title='bbox 766 2856 912 2925; x_wconf 89' lang='lat' dir='ltr'><strong>quatenus</strong></span> <span class='ocrx_word' id='word_1_173' title='bbox 934 2853 1082 2912; x_wconf 86' lang='lat' dir='ltr'><strong>artissime</strong></span> <span class='ocrx_word' id='word_1_174' title='bbox 1103 2870 1169 2911; x_wconf 90' lang='lat' dir='ltr'><strong>cum</strong></span> <span class='ocrx_word' id='word_1_175' title='bbox 1189 2869 1225 2911; x_wconf 89' lang='lat' dir='ltr'><strong>ea</strong></span> <span class='ocrx_word' id='word_1_176' title='bbox 1243 2855 1400 2912; x_wconf 90' lang='lat' dir='ltr'><strong>coniuncta</strong></span> <span class='ocrx_word' id='word_1_177' title='bbox 1414 2870 1447 2912; x_wconf 89' lang='lat' dir='ltr'><strong>er</strong></span> <span class='ocrx_word' id='word_1_178' title='bbox 1457 2856 1498 2923; x_wconf 90' lang='lat' dir='ltr'><strong>at,</strong></span> 
     </span>
     <span class='ocr_line' id='line_1_23' title="bbox 377 2956 1496 3037; baseline 0 -19"><span class='ocrx_word' id='word_1_179' title='bbox 377 2960 516 3035; x_wconf 80' lang='lat' dir='ltr'><strong>attigisse</strong></span> <span class='ocrx_word' id='word_1_180' title='bbox 552 2963 638 3034; x_wconf 91' lang='lat' dir='ltr'><strong>patet</strong></span> <span class='ocrx_word' id='word_1_181' title='bbox 669 2977 735 3018; x_wconf 93' lang='lat' dir='ltr'><strong>cum</strong></span> <span class='ocrx_word' id='word_1_182' title='bbox 767 2976 804 3018; x_wconf 85' lang='lat' dir='ltr'><strong>ex</strong></span> <span class='ocrx_word' id='word_1_183' title='bbox 834 2958 929 3018; x_wconf 77' lang='lat' dir='ltr'><strong>Cicer.</strong></span> <span class='ocrx_word' id='word_1_184' title='bbox 963 2959 1048 3018; x_wconf 88' lang='lat' dir='ltr'><strong>Orat.</strong></span> <span class='ocrx_word' id='word_1_185' title='bbox 1078 2956 1223 3018; x_wconf 64' lang='lat'>34120:</span> <span class='ocrx_word' id='word_1_186' title='bbox 1250 2960 1409 3037; x_wconf 89' lang='lat' dir='ltr'><strong>(Atticus)</strong></span> <span class='ocrx_word' id='word_1_187' title='bbox 1446 2977 1496 3032; x_wconf 85' lang='lat' dir='ltr'><strong>,au</strong></span> 
     </span>
     <span class='ocr_line' id='line_1_24' title="bbox 375 3047 1498 3141; baseline 0 -15"><span class='ocrx_word' id='word_1_188' title='bbox 375 3084 479 3126; x_wconf 90' lang='lat' dir='ltr'><strong>norum</strong></span> <span class='ocrx_word' id='word_1_189' title='bbox 505 3047 763 3141; x_wconf 85' lang='lat' dir='ltr'><strong>septingentorum</strong></span> <span class='ocrx_word' id='word_1_190' title='bbox 787 3066 958 3125; x_wconf 90' lang='lat' dir='ltr'><strong>memoriam</strong></span> <span class='ocrx_word' id='word_1_191' title='bbox 983 3083 1041 3125; x_wconf 95' lang='lat' dir='ltr'><strong>uno</strong></span> <span class='ocrx_word' id='word_1_192' title='bbox 1066 3065 1141 3125; x_wconf 92' lang='lat' dir='ltr'><strong>libro</strong></span> <span class='ocrx_word' id='word_1_193' title='bbox 1168 3065 1340 3141; x_wconf 84' lang='lat' dir='ltr'><strong>colligavit‚&#39;</strong></span> <span class='ocrx_word' id='word_1_194' title='bbox 1365 3071 1430 3126; x_wconf 90' lang='lat' dir='ltr'><strong>tum</strong></span> <span class='ocrx_word' id='word_1_195' title='bbox 1459 3085 1498 3126; x_wconf 81' lang='lat' dir='ltr'><strong>ex</strong></span> 
     </span>
    </p>
   </div>
   <div class='ocr_carea' id='block_1_3' title="bbox 376 3133 1621 3248">
    <p class='ocr_par' dir='ltr' id='par_1_3' title="bbox 376 3133 1621 3248">
     <span class='ocr_line' id='line_1_25' title="bbox 376 3133 1621 3248; baseline -0.017 -14"><span class='ocrx_word' id='word_1_196' title='bbox 376 3170 845 3247; x_wconf 80' lang='lat' dir='ltr'><strong>Cornel.Nepot.Attic.18.l:</strong></span> <span class='ocrx_word' id='word_1_197' title='bbox 878 3173 968 3242; x_wconf 93' lang='lat' dir='ltr'><strong>‚nulla</strong></span> <span class='ocrx_word' id='word_1_198' title='bbox 999 3172 1076 3231; x_wconf 92' lang='lat' dir='ltr'><strong>enim</strong></span> <span class='ocrx_word' id='word_1_199' title='bbox 1106 3173 1155 3232; x_wconf 84' lang='lat' dir='ltr'><strong>lex</strong></span> <span class='ocrx_word' id='word_1_200' title='bbox 1186 3190 1279 3247; x_wconf 84' lang='lat' dir='ltr'><strong>neque</strong></span> <span class='ocrx_word' id='word_1_201' title='bbox 1310 3190 1370 3248; x_wconf 77' lang='lat' dir='ltr'><strong>pax</strong></span> <span class='ocrx_word' id='word_1_202' title='bbox 1401 3190 1497 3247; x_wconf 66' lang='lat' dir='ltr'><strong>neque</strong></span> <span class='ocrx_word' id='word_1_203' title='bbox 1620 3133 1621 3188; x_wconf 29' lang='grc' dir='ltr'>ἕ</span> 
     </span>
    </p>
   </div>
   <div class='ocr_carea' id='block_1_4' title="bbox 376 3278 1502 3567">
    <p class='ocr_par' dir='ltr' id='par_1_4' title="bbox 376 3278 1502 3567">
     <span class='ocr_line' id='line_1_26' title="bbox 376 3278 1496 3354; baseline -0.001 -15"><span class='ocrx_word' id='word_1_204' title='bbox 376 3280 484 3340; x_wconf 92' lang='lat' dir='ltr'><strong>bellum</strong></span> <span class='ocrx_word' id='word_1_205' title='bbox 504 3297 598 3354; x_wconf 91' lang='lat' dir='ltr'><strong>neque</strong></span> <span class='ocrx_word' id='word_1_206' title='bbox 618 3297 667 3338; x_wconf 91' lang='lat' dir='ltr'><strong>res</strong></span> <span class='ocrx_word' id='word_1_207' title='bbox 686 3279 812 3338; x_wconf 89' lang='lat' dir='ltr'><strong>illustris</strong></span> <span class='ocrx_word' id='word_1_208' title='bbox 833 3284 880 3338; x_wconf 92' lang='lat' dir='ltr'><strong>est</strong></span> <span class='ocrx_word' id='word_1_209' title='bbox 902 3279 1024 3354; x_wconf 92' lang='lat' dir='ltr'><strong>populi</strong></span> <span class='ocrx_word' id='word_1_210' title='bbox 1045 3278 1209 3351; x_wconf 85' lang='lat' dir='ltr'><strong>Romani,</strong></span> <span class='ocrx_word' id='word_1_211' title='bbox 1235 3297 1310 3353; x_wconf 86' lang='lat' dir='ltr'><strong>quae</strong></span> <span class='ocrx_word' id='word_1_212' title='bbox 1331 3297 1390 3339; x_wconf 93' lang='lat' dir='ltr'><strong>non</strong></span> <span class='ocrx_word' id='word_1_213' title='bbox 1409 3281 1441 3338; x_wconf 92' lang='lat' dir='ltr'><strong>in</strong></span> <span class='ocrx_word' id='word_1_214' title='bbox 1462 3299 1496 3339; x_wconf 89' lang='lat' dir='ltr'><strong>eo</strong></span> 
     </span>
     <span class='ocr_line' id='line_1_27' title="bbox 376 3385 789 3462; baseline -0.002 -15"><span class='ocrx_word' id='word_1_215' title='bbox 376 3405 429 3447; x_wconf 85' lang='lat' dir='ltr'><strong>suo</strong></span> <span class='ocrx_word' id='word_1_216' title='bbox 450 3392 583 3462; x_wconf 88' lang='lat' dir='ltr'><strong>tempore</strong></span> <span class='ocrx_word' id='word_1_217' title='bbox 604 3388 645 3446; x_wconf 89' lang='lat' dir='ltr'><strong>sit</strong></span> <span class='ocrx_word' id='word_1_218' title='bbox 663 3385 789 3446; x_wconf 87' lang='lat' dir='ltr'><strong>notata&#39;</strong></span> 
     </span>
     <span class='ocr_line' id='line_1_28' title="bbox 456 3493 1502 3567; baseline 0 -15"><span class='ocrx_word' id='word_1_219' title='bbox 456 3493 480 3553; x_wconf 88' lang='lat' dir='ltr'><strong>J</strong></span> <span class='ocrx_word' id='word_1_220' title='bbox 481 3511 528 3552; x_wconf 92' lang='lat' dir='ltr'><strong>am</strong></span> <span class='ocrx_word' id='word_1_221' title='bbox 549 3510 620 3552; x_wconf 90' lang='lat' dir='ltr'><strong>vero</strong></span> <span class='ocrx_word' id='word_1_222' title='bbox 645 3511 711 3552; x_wconf 90' lang='lat' dir='ltr'><strong>cum</strong></span> <span class='ocrx_word' id='word_1_223' title='bbox 731 3495 879 3567; x_wconf 87' lang='lat' dir='ltr'><strong>Nepotem</strong></span> <span class='ocrx_word' id='word_1_224' title='bbox 903 3493 1042 3551; x_wconf 89' lang='lat' dir='ltr'><strong>chronica</strong></span> <span class='ocrx_word' id='word_1_225' title='bbox 1056 3509 1110 3552; x_wconf 90' lang='lat' dir='ltr'><strong>sua</strong></span> <span class='ocrx_word' id='word_1_226' title='bbox 1122 3493 1167 3551; x_wconf 90' lang='lat' dir='ltr'><strong>ita</strong></span> <span class='ocrx_word' id='word_1_227' title='bbox 1180 3493 1345 3552; x_wconf 87' lang='lat' dir='ltr'><strong>instituisse</strong></span> <span class='ocrx_word' id='word_1_228' title='bbox 1360 3493 1502 3565; x_wconf 72' lang='lat' dir='ltr'><strong>sciamus</strong></span> 
     </span>
    </p>
   </div>
   <div class='ocr_carea' id='block_1_5' title="bbox 376 3599 1620 3998">
    <p class='ocr_par' dir='ltr' id='par_1_5' title="bbox 376 3599 1620 3998">
     <span class='ocr_line' id='line_1_29' title="bbox 376 3599 1501 3676; baseline 0 -17"><span class='ocrx_word' id='word_1_229' title='bbox 376 3606 411 3660; x_wconf 91' lang='lat' dir='ltr'><strong>ut</strong></span> <span class='ocrx_word' id='word_1_230' title='bbox 435 3618 533 3660; x_wconf 90' lang='lat' dir='ltr'><strong>rorum</strong></span> <span class='ocrx_word' id='word_1_231' title='bbox 558 3601 595 3659; x_wconf 94' lang='lat' dir='ltr'><strong>ab</strong></span> <span class='ocrx_word' id='word_1_232' title='bbox 621 3606 747 3674; x_wconf 87' lang='lat' dir='ltr'><strong>utraque</strong></span> <span class='ocrx_word' id='word_1_233' title='bbox 773 3604 875 3675; x_wconf 78' lang='lat' dir='ltr'><strong>gente,</strong></span> <span class='ocrx_word' id='word_1_234' title='bbox 903 3604 934 3658; x_wconf 91' lang='lat' dir='ltr'><strong>et</strong></span> <span class='ocrx_word' id='word_1_235' title='bbox 962 3599 1106 3659; x_wconf 88' lang='lat' dir='ltr'><strong>Romanis</strong></span> <span class='ocrx_word' id='word_1_236' title='bbox 1132 3605 1163 3658; x_wconf 85' lang='lat' dir='ltr'><strong>et</strong></span> <span class='ocrx_word' id='word_1_237' title='bbox 1184 3599 1317 3671; x_wconf 86' lang='lat' dir='ltr'><strong>Graecis,</strong></span> <span class='ocrx_word' id='word_1_238' title='bbox 1345 3606 1501 3676; x_wconf 83' lang='lat' dir='ltr'><strong>gestarum</strong></span> 
     </span>
     <span class='ocr_line' id='line_1_30' title="bbox 378 3706 1502 3792; baseline -0.004 -21"><span class='ocrx_word' id='word_1_239' title='bbox 378 3716 572 3792; x_wconf 75' lang='grc' dir='ltr'>ουγχρονισμοὺς</span> <span class='ocrx_word' id='word_1_240' title='bbox 603 3711 805 3782; x_wconf 85' lang='lat' dir='ltr'><strong>componeret,</strong></span> <span class='ocrx_word' id='word_1_241' title='bbox 838 3706 1050 3781; x_wconf 88' lang='lat' dir='ltr'><strong>quaerendum,</strong></span> <span class='ocrx_word' id='word_1_242' title='bbox 1084 3723 1181 3766; x_wconf 93' lang='lat' dir='ltr'><strong>nonne</strong></span> <span class='ocrx_word' id='word_1_243' title='bbox 1213 3707 1341 3766; x_wconf 87' lang='lat' dir='ltr'><strong>eiusdem</strong></span> <span class='ocrx_word' id='word_1_244' title='bbox 1373 3708 1502 3768; x_wconf 91' lang='lat' dir='ltr'><strong>rationis</strong></span> 
     </span>
     <span class='ocr_line' id='line_1_31' title="bbox 377 3813 1502 3891; baseline -0.002 -18"><span class='ocrx_word' id='word_1_245' title='bbox 377 3815 508 3891; x_wconf 82' lang='lat' dir='ltr'><strong>vestigia</strong></span> <span class='ocrx_word' id='word_1_246' title='bbox 528 3815 606 3890; x_wconf 92' lang='lat' dir='ltr'><strong>apud</strong></span> <span class='ocrx_word' id='word_1_247' title='bbox 626 3814 774 3874; x_wconf 87' lang='lat' dir='ltr'><strong>Velleium</strong></span> <span class='ocrx_word' id='word_1_248' title='bbox 795 3815 990 3888; x_wconf 87' lang='lat' dir='ltr'><strong>reperiantur.</strong></span> <span class='ocrx_word' id='word_1_249' title='bbox 1018 3815 1068 3873; x_wconf 88' lang='lat' dir='ltr'><strong>Ac</strong></span> <span class='ocrx_word' id='word_1_250' title='bbox 1088 3814 1193 3872; x_wconf 88' lang='lat' dir='ltr'><strong>statim</strong></span> <span class='ocrx_word' id='word_1_251' title='bbox 1213 3814 1286 3872; x_wconf 89' lang='lat' dir='ltr'><strong>talia</strong></span> <span class='ocrx_word' id='word_1_252' title='bbox 1305 3813 1337 3872; x_wconf 90' lang='lat' dir='ltr'><strong>in</strong></span> <span class='ocrx_word' id='word_1_253' title='bbox 1355 3818 1502 3888; x_wconf 88' lang='lat' dir='ltr'><strong>promptu</strong></span> 
     </span>
     <span class='ocr_line' id='line_1_32' title="bbox 379 3905 1620 3998; baseline -0.002 -17"><span class='ocrx_word' id='word_1_254' title='bbox 379 3924 499 3982; x_wconf 88' lang='lat' dir='ltr'><strong>suntin</strong></span> <span class='ocrx_word' id='word_1_255' title='bbox 520 3940 604 3998; x_wconf 88' lang='lat' dir='ltr'><strong>capp.</strong></span> <span class='ocrx_word' id='word_1_256' title='bbox 621 3918 659 3981; x_wconf 87' lang='grc'><strong>14</strong></span> <span class='ocrx_word' id='word_1_257' title='bbox 670 3925 701 3981; x_wconf 91' lang='lat' dir='ltr'><strong>et</strong></span> <span class='ocrx_word' id='word_1_258' title='bbox 713 3919 751 3980; x_wconf 83' lang='lat'><strong>15</strong></span> <span class='ocrx_word' id='word_1_259' title='bbox 764 3920 831 3980; x_wconf 89' lang='lat' dir='ltr'><strong>libri</strong></span> <span class='ocrx_word' id='word_1_260' title='bbox 841 3921 866 3992; x_wconf 86' lang='grc' dir='ltr'><strong>Ι,</strong></span> <span class='ocrx_word' id='word_1_261' title='bbox 890 3921 1069 3981; x_wconf 89' lang='lat' dir='ltr'><strong>coloniarum</strong></span> <span class='ocrx_word' id='word_1_262' title='bbox 1093 3921 1145 3978; x_wconf 90' lang='lat' dir='ltr'><strong>illa</strong></span> <span class='ocrx_word' id='word_1_263' title='bbox 1166 3920 1277 3991; x_wconf 87' lang='lat' dir='ltr'><strong>tabula,</strong></span> <span class='ocrx_word' id='word_1_264' title='bbox 1299 3919 1349 3979; x_wconf 93' lang='lat' dir='ltr'><strong>ubi</strong></span> <span class='ocrx_word' id='word_1_265' title='bbox 1370 3921 1503 3995; x_wconf 88' lang='lat' dir='ltr'><strong>scriptor</strong></span> <span class='ocrx_word' id='word_1_266' title='bbox 1619 3905 1620 3966; x_wconf 72' lang='lat' dir='ltr'><strong>l</strong></span> 
     </span>
    </p>
   </div>
   <div class='ocr_carea' id='block_1_6' title="bbox 459 4142 1407 4321">
    <p class='ocr_par' dir='ltr' id='par_1_6' title="bbox 459 4142 1407 4321">
     <span class='ocr_line' id='line_1_33' title="bbox 459 4142 1370 4215; baseline -0.007 -15"><span class='ocrx_word' id='word_1_267' title='bbox 459 4146 491 4215; x_wconf 78' lang='lat'><strong>²⁰)</strong></span> <span class='ocrx_word' id='word_1_268' title='bbox 511 4143 676 4200; x_wconf 78' lang='lat' dir='ltr'><strong>Conferatur</strong></span> <span class='ocrx_word' id='word_1_269' title='bbox 694 4143 917 4199; x_wconf 81' lang='lat' dir='ltr'><strong>Mommsonus</strong></span> <span class='ocrx_word' id='word_1_270' title='bbox 935 4142 964 4198; x_wconf 92' lang='lat' dir='ltr'><strong>in</strong></span> <span class='ocrx_word' id='word_1_271' title='bbox 983 4142 1056 4199; x_wconf 84' lang='lat' dir='ltr'><strong>Hist.</strong></span> <span class='ocrx_word' id='word_1_272' title='bbox 1069 4143 1149 4199; x_wconf 86' lang='lat' dir='ltr'><strong>Rom.</strong></span> <span class='ocrx_word' id='word_1_273' title='bbox 1162 4143 1208 4198; x_wconf 88' lang='lat'><strong>111</strong></span> <span class='ocrx_word' id='word_1_274' title='bbox 1225 4160 1251 4213; x_wconf 91' lang='lat' dir='ltr'><strong>p.</strong></span> <span class='ocrx_word' id='word_1_275' title='bbox 1265 4145 1318 4198; x_wconf 79' lang='lat'><strong>614</strong></span> <span class='ocrx_word' id='word_1_276' title='bbox 1330 4159 1370 4212; x_wconf 87' lang='lat' dir='ltr'><strong>sq.</strong></span> 
     </span>
     <span class='ocr_line' id='line_1_34' title="bbox 459 4249 1407 4321; baseline -0.003 -16"><span class='ocrx_word' id='word_1_277' title='bbox 459 4252 491 4321; x_wconf 77' lang='lat'><strong>²⁷)</strong></span> <span class='ocrx_word' id='word_1_278' title='bbox 511 4250 545 4306; x_wconf 88' lang='lat' dir='ltr'><strong>cl.</strong></span> <span class='ocrx_word' id='word_1_279' title='bbox 559 4249 840 4320; x_wconf 78' lang='lat' dir='ltr'><strong>G.Fr.Ungerun1</strong></span> <span class='ocrx_word' id='word_1_280' title='bbox 858 4249 888 4306; x_wconf 91' lang='lat' dir='ltr'><strong>in</strong></span> <span class='ocrx_word' id='word_1_281' title='bbox 906 4250 976 4306; x_wconf 86' lang='lat' dir='ltr'><strong>hius.</strong></span> <span class='ocrx_word' id='word_1_282' title='bbox 989 4251 1077 4306; x_wconf 86' lang='lat' dir='ltr'><strong>Rhan.</strong></span> <span class='ocrx_word' id='word_1_283' title='bbox 1090 4250 1201 4306; x_wconf 87' lang='lat' dir='ltr'>XXXV</span> <span class='ocrx_word' id='word_1_284' title='bbox 1214 4249 1306 4320; x_wconf 74' lang='lat'>(1880)</span> <span class='ocrx_word' id='word_1_285' title='bbox 1320 4267 1349 4319; x_wconf 91' lang='lat' dir='ltr'><strong>p.</strong></span> <span class='ocrx_word' id='word_1_286' title='bbox 1363 4252 1407 4303; x_wconf 88' lang='grc'><strong>19.</strong></span> 
     </span>
    </p>
   </div>
   <div class='ocr_carea' id='block_1_7' title="bbox 0 0 1648 5292">
    <p class='ocr_par' dir='ltr' id='par_1_7' title="bbox 0 0 1648 5292">
     <span class='ocr_line' id='line_1_35' title="bbox 0 0 1648 5292; baseline 0 0"><span class='ocrx_word' id='word_1_287' title='bbox 0 0 1648 5292; x_wconf 95' lang='lat' dir='ltr'><strong> </strong></span> 
     </span>
    </p>
   </div>
  </div>
 </body>
</html>
