3266 5292
847 1677 1017 1743 ,Litteratur
1029 1677 1069 1733 ist
1084 1677 1132 1734 das
1142 1639 1294 1748 Fragment
1388 1667 1391 1675 ¹

812 1767 862 1822 der
879 1767 1062 1837 Fragment03
1092 1767 1140 1822 das
1158 1767 1292 1836 wenigste

812 1855 922 1922 dassen,
949 1873 1005 1912 was
1030 1857 1149 1926 geschah
1172 1857 1227 1911 und
1246 1873 1292 1926 ga·

813 1946 945 2014 sproohen
977 1945 1104 2011 worden,
1140 1946 1215 2000 ward
1246 1963 1292 2014 ge·

811 2033 964 2100 schriaben,
987 2052 1042 2091 von
1064 2029 1128 2089 'dem
1147 2033 1292 2090 Geschrie-

810 2122 900 2178 bonon
922 2123 961 2180 ist
986 2125 1034 2179 das
1052 2123 1188 2192 wenigste
1211 2122 1293 2192 ubrig

811 2212 972 2282 gablieben!
1091 2211 1255 2281 (Goethius.)

250 2473 396 2562 Veterum
423 2499 584 2574 scriptores
606 2517 671 2558 eum
692 2503 857 2573 temporum
876 2498 1033 2571 iniquitate
1053 2499 1133 2557 baud
1153 2499 1292 2574 exiguam

169 2611 285 2680 partem
311 2607 453 2681 deperditi
481 2607 529 2664 vel
553 2607 655 2680 paucis
679 2605 884 2664 tantummodo
910 2605 1087 2680 fragmentis
1112 2605 1223 2664 servati
1254 2605 1292 2663 ad

169 2718 301 2774 nostram
323 2713 512 2788 pervenerint
525 2713 705 2783 memoriam,
728 2711 834 2785 quibus
848 2713 886 2771 ad
900 2711 1055 2770 historiam
1071 2711 1292 2770 describendam

170 2821 215 2880 usi
247 2821 307 2880 sint
337 2821 469 2880 fontibus
500 2819 687 2894 indagaturis
717 2819 880 2892 permultae
907 2821 1065 2877 occurrunt
1092 2817 1291 2876 difficultates.

171 2927 236 3002 Quo
261 2927 304 2997 fit,
336 2931 371 2986 ut
390 2927 446 2985 viri
469 2927 557 2996 dooti,
590 2925 723 2999 quamvis
756 2925 915 3000 diligenter
944 2925 992 2983 his
1017 2924 1047 2984 in
1073 2923 1293 2998 quaestionibus

170 3035 312 3108 proximis
337 3034 524 3108 potissimum
550 3033 697 3091 decenniis
721 3031 835 3090 versati
856 3033 930 3102 sint,
958 3034 1040 3090 certa
1065 3033 1242 3105 argumenta
1262 3031 1292 3089 in

168 3141 205 3199 iis
220 3141 290 3200 solis
303 3141 482 3214 protulerint
496 3139 698 3213 scriptoribus,
722 3156 845 3212 quorum
863 3157 922 3199 non
937 3142 1055 3197 tantum
1069 3155 1168 3211 opera,
1191 3154 1291 3196 verum

170 3248 260 3306 etiam
281 3248 337 3321 ipsi
357 3248 456 3306 fontes
477 3247 573 3306 adhue
588 3249 718 3306 exstant.
749 3245 785 3304 In
799 3246 836 3305 iis
850 3251 948 3305 autem
964 3244 1166 3318 scriptoribus,
1188 3244 1293 3317 quibus

167 3355 406 3427 praeterientes
427 3355 570 3429 vulgatos
589 3354 734 3426 hodieque
755 3357 892 3413 servatos
912 3353 961 3412 alii
982 3351 1121 3426 permulti
1139 3350 1291 3425 patebant,

169 3461 219 3533 qui
241 3465 371 3520 aetatem
391 3478 451 3520 non
471 3462 613 3530 tulerunt,
640 3461 716 3518 satis
742 3460 799 3518 erit
820 3460 1030 3532 quaerentibus
1051 3477 1138 3533 quam
1159 3458 1292 3532 proxime

170 3568 208 3625 ad
231 3569 389 3626 veritatem
409 3568 549 3626 accedere
569 3568 755 3641 priorumque
787 3568 951 3626 sententias
970 3568 1019 3625 vel
1039 3567 1131 3626 falsas
1159 3565 1291 3623 refutare

168 3676 215 3732 vel
237 3674 405 3749 probabiles
426 3674 613 3750 gravioribus
634 3674 807 3733 confirmare
829 3675 1022 3749 argumentis.

249 3781 335 3855 Quod
357 3799 423 3840 eum
443 3783 566 3840 aliorum
586 3782 617 3839 in
635 3782 761 3840 fontium
777 3781 1009 3854 disquisitionem
1023 3780 1103 3839 eadit
1117 3783 1180 3838 turn
1194 3777 1291 3836 Vellei

166 3889 329 3959 Paterculi,
352 3904 438 3961 quem
458 3905 534 3946 unus
547 3889 596 3946 ille
611 3889 704 3947 codex
718 3887 923 3947 Murbacensis
938 3887 1145 3945 detruncatum
1160 3864 1192 3967 et
1204 3884 1291 3943 valde

169 3995 364 4069 depravatum
383 3995 469 4055 nobis
490 3995 627 4065 tradidit;
648 3995 835 4068 nequeenim
855 3994 1001 4067 praefatio
1016 3993 1111 4052 solum
1128 3992 1289 4065 scriptoris,

167 4101 221 4159 sed
243 4101 332 4160 etiam
353 4102 443 4176 longe
463 4103 557 4161 maior
577 4119 647 4175 pars
667 4100 775 4175 prioris
795 4100 862 4159 libri
884 4099 1079 4174 deperierunt.
1111 4100 1213 4171 Atque
1233 4097 1291 4156 boe

167 4225 202 4266 eo
228 4209 326 4283 magis
350 4209 506 4268 dolendum
528 4211 583 4280 est,
610 4208 696 4282 quod,
726 4225 900 4280 quamquam
921 4222 1036 4265 summa
1056 4206 1206 4265 brevitate
1227 4221 1292 4278 per·

1073 4305 1087 4356 1
