3266 5292
645 522 865 582 ...35-

182 697 341 753 ·Nostrum
365 711 470 753 nomen
492 694 673 752 Macedonici
698 693 792 764 affert,
819 694 867 766 qui
891 693 1015 750 incendii
1036 693 1171 750 Perusini
1195 691 1311 750 initium

199 801 304 860 fecisse
336 801 451 859 dicitur.
502 802 548 859 At
578 801 705 859 Liviana
736 801 875 858 memoria
907 799 1022 858 omnino
1055 799 1212 874 discrepat.
1255 799 1312 856 Dio

198 909 274 967 enim
301 913 405 967 narrat
425 907 572 965 XLVIII.
593 905 630 965 14
652 907 808 966 Octaviani
837 907 917 964 iussu
939 907 1099 964 Perusinos
1125 907 1254 979 aliosque
1275 905 1313 963 ibi

114 1007 116 1010 ’
198 1021 259 1074 tum
282 1020 385 1091 captos
407 1016 567 1090 plerosque
582 1015 754 1082 trucidatos
777 1014 1008 1088 quadringentos
1023 1015 1136 1086 equites
1150 1012 1313 1070 senatores·

201 1141 256 1194 que
289 1122 326 1180 ad
358 1139 438 1181 aram
464 1121 542 1180 Divo
568 1122 650 1179 Julio
683 1127 830 1179 sacratam
863 1121 1005 1180 adductos
1030 1121 1127 1193 ibique
1151 1121 1314 1179 hostiarum

198 1231 293 1288 instar
318 1230 482 1304 iugulatos
513 1229 615 1288 urbem
640 1229 733 1304 ipsam
759 1233 851 1286 totam
875 1228 1058 1286 combustam
1080 1244 1158 1296 osse;
1191 1244 1313 1300 quocum

202 1353 323 1413 prorsus
349 1337 421 1395 facit
446 1335 568 1424 Sueton.
590 1337 672 1410 Aug.
696 1333 746 1394 15:
779 1336 914 1405 ‚Perusia
939 1340 1026 1411 capta
1052 1334 1258 1410 (Octavianus)
1285 1335 1314 1391 in

201 1445 340 1520 plurimos
362 1443 582 1512 animadvertit3
617 1461 700 1501 orare
733 1443 847 1501 veniam
867 1443 914 1501 vel
934 1458 1075 1500 excusare
1094 1458 1126 1500 se
1141 1440 1314 1500 conantibus

200 1568 259 1608 una
283 1569 356 1610 voce
382 1567 552 1610 occurrens:
579 1550 759 1619 moriendum
781 1567 854 1608 esse.
880 1549 1013 1608 scribunt
1027 1549 1144 1622 quidam
1165 1552 1314 1606 trecentos

199 1676 236 1715 ex
259 1657 410 1716 dediticios
437 1658 555 1727 electos
582 1658 733 1730 utriusque
756 1657 874 1726 ordinis,
900 1657 938 1714 ad
960 1673 1042 1714 aram
1063 1656 1140 1714 Divo
1161 1655 1243 1714 Julio
1266 1673 1314 1714 ex·

199 1771 342 1824 structam
375 1765 477 1823 Idibus
506 1764 807 1823 Martiishostiarum
832 1781 913 1822 more
939 1762 1107 1822 mactatos)
1150 1763 1223 1822 Jam
1234 1761 1314 1820 Wei-

200 1872 319 1930 chertus
351 1873 387 1930 de
413 1873 536 1930 diversis
563 1871 608 1929 his
634 1871 852 1930 narrationibus
879 1871 995 1946 copiose
1022 1871 1170 1929 disserens
1190 1871 1221 1944 (1.
1243 1871 1261 1928 l.
1284 1889 1311 1945 p.
1359 1883 1360 1886 ’

199 1976 259 2036 224
280 1981 336 2054 sq.)
358 1979 431 2037 bene
453 1979 605 2054 perspexit
626 1978 814 2038 etVelleium
833 1984 863 2036 et
876 1979 1046 2054 Appianum
1061 2011 1099 2018 -—
1114 1979 1191 2035 hunc
1205 1981 1312 2046 tamen,

200 2090 234 2143 ut
256 2087 387 2158 equidem
409 2090 518 2155 statuo,
540 2103 593 2160 per
614 2086 732 2143 fontem·
747 2103 829 2143 suum
853 2084 1029 2144 Strabonem
1045 2119 1082 2126 —
1097 2085 1154 2142 hac
1174 2086 1204 2143 in
1226 2102 1258 2143 re
1277 2085 1313 2144 ab

200 2193 263 2268 ipso
294 2195 436 2266 Augusto
468 2193 603 2268 pendere,
636 2194 683 2264 qui
715 2193 745 2249 in
778 2194 994 2250 commentariis
1026 2193 1095 2263 sule,
1129 2209 1194 2250 curn
1219 2193 1313 2270 ipsum

200 2301 312 2357 facinus
342 2304 402 2357 tum
433 2301 510 2358 inse
536 2300 694 2358 admissum
723 2300 801 2358 haud
830 2317 941 2374 negare
971 2305 1080 2374 posset,
1110 2305 1144 2357 ut
1173 2299 1314 2357 saevitiae

199 2407 346 2464 Infamiam
368 2407 495 2480 fugeret,
519 2424 632 2465 omnem
654 2409 769 2482 eulpam
789 2408 819 2464 in
840 2407 1055 2464 tumultuantes
1075 2407 1182 2465 milites
1203 2424 1314 2464 eorum-

201 2531 255 2584 que
276 2515 350 2571 iram
372 2519 402 2571 et
423 2515 549 2571 furorem
572 2519 731 2575 averterat.

293 2617 342 2678 80.
378 2618 405 2678 3.
469 2621 536 2678 Hoc
576 2622 639 2679 loco
680 2639 745 2679 cum
786 2622 882 2678 omnia
921 2621 991 2690 fere,
1029 2625 1063 2678 ut
1101 2621 1178 2678 infra
1237 2621 1315 2679 vide-

199 2727 301 2796 bImus
338 2727 412 2786 bene
449 2745 514 2785 oum
544 2699 670 2785 Liviana
705 2729 844 2785 memorie
876 2729 1060 2797 conveniant,
1093 2744 1182 2785 unum
1214 2731 1313 2785 tamen

198 2851 292 2907 neque
318 2835 395 2909 apud
421 2834 537 2892 Livium
561 2852 656 2908 neque
683 2834 751 2892 alibi
772 2835 896 2908 legitur:
920 2834 1115 2893 Octavianum
1137 2837 1237 2892 castra
1257 2834 1314 2891 Le-

199 2941 257 3016 pidi
278 2942 446 3015 ingressum
467 2943 593 3014 aquilam
614 2943 739 3016 legionis
761 2958 863 3016 rapere
885 2942 1021 3000 voluisse.
1065 2941 1149 3015 Quod
1171 2940 1313 2999 Velleium

200 3047 234 3106 de
260 3066 313 3106 suo
334 3049 453 3107 finxisse
480 3050 609 3124 acplane
632 3049 803 3106 ementitum
825 3066 889 3107 esse
911 3066 975 3106 cum
997 3048 1067 3106 mihi
1087 3066 1146 3106 non
1156 3047 1313 3106 verisimile

199 3157 247 3226 sit,
269 3157 364 3231 ipsum
387 3156 581 3214 Octavianum
601 3156 631 3213 in
652 3155 735 3213 libris
758 3157 818 3214 suis
840 3157 990 3214 rettulisse
1010 3155 1182 3214 crediderim
1197 3172 1229 3213 se
1243 3159 1314 3214 tunc

199 3263 312 3335 aquilae
339 3263 495 3338 rapiendae
521 3263 672 3322 consilium
693 3263 844 3332 habuisse3
872 3264 949 3335 quod
975 3263 1089 3336 quidem
1113 3263 1228 3321 Noster
1248 3278 1313 3319 nar-

201 3371 308 3429 rationi
329 3386 400 3428 suae
422 3371 592 3444 ceteroquin
614 3389 649 3428 ex
670 3371 757 3429 Liuio
778 3371 904 3429 haustae
924 3372 1057 3429 inseruit.

277 3473 326 3534 85.
348 3475 375 3534 2.
417 3477 556 3552 Pugnant
577 3478 733 3537 Actiacam
766 3477 934 3537 describens
955 3477 1088 3536 Velleius
1119 3482 1220 3536 narrat
1246 3477 1314 3534 dex-

198 3588 277 3641 trum
311 3583 428 3640 navium
459 3583 646 3644 Julianarum
682 3603 772 3644 cornu
802 3584 843 3642 II.
876 3584 977 3655 Lurio,
1013 3585 1127 3643 laevum
1157 3583 1312 3653 Arruntio,

200 3690 355 3764 Agrippae
387 3707 472 3748 omne
504 3693 618 3750 classici
649 3692 816 3751 certaminis
848 3692 1000 3750 arbitrium
1028 3692 1213 3752 commissum
1234 3707 1312 3759 esse;

199 3795 357 3856 Gaesarem
389 3797 415 3854 ei
445 3803 531 3870 parte
563 3799 750 3870 destinatum,
783 3801 812 3859 in
844 3816 931 3871 quam
957 3819 974 3857 a
999 3799 1118 3858 fortune
1147 3802 1312 3868 vocaretur,

198 3903 304 3976 ubique
326 3903 453 3962 affuisse.
468 3939 507 3947 —-
528 3905 706 3963 Plutarchus
726 3911 829 3965 contra
844 3905 928 3979 (Ant.
944 3903 995 3982 65)
1009 3906 1174 3979 Agrippam
1189 3904 1312 3973 laevum,

203 4009 398 4068 Octavianum
430 4012 567 4069 dext-rum
598 4028 687 4069 cornu
719 4030 838 4072 curasse
872 4013 964 4071 refert
999 4013 1105 4070 ceteris
1139 4011 1314 4070 tacentibus,

202 4116 308 4189 Itaque
329 4117 518 4176 Weichertus
540 4118 570 4190 (l.
586 4119 604 4178 l.
620 4135 647 4190 p.
663 4114 734 4193 231)
755 4120 833 4176 huno
853 4121 957 4179 Nostri
985 4121 1080 4178 locum
1101 4120 1128 4177 in
1160 4118 1232 4192 ipsis
1252 4119 1314 4176 Au·

199 4224 281 4296 gusti
302 4224 477 4302 fragmentis
498 4242 638 4298 reponere
658 4242 716 4283 non
739 4225 855 4284 dubitet
875 4228 930 4285 hac
953 4226 1207 4302 argumentatione
1228 4242 1312 4282 usus:

1101 4324 1134 4378 3³⁶
