3266 5292
608 561 829 621 ..17-

158 748 283 806 agamus
309 731 491 806 singulisque
518 749 584 817 cum
610 732 731 790 aliorum
758 733 934 807 scriptorum
958 733 1177 792 narrationibus
1199 751 1277 793 com·

157 839 286 912 paratiS,
319 838 388 911 quid
417 838 615 897 similitudinis
641 839 688 896 vel
715 839 898 898 diversitatis
923 841 1002 898 inter
1026 857 1077 899 eos
1101 841 1275 908 intercedat,

159 962 346 1019 quaeramus:
373 962 448 1018 quaa
473 946 523 1004 via
548 946 605 1004 etsi
629 946 660 1003 in
680 944 804 1016 Velleio,
833 950 868 1004 ut
892 947 1026 1017 diximus
1054 947 1128 1006 satis
1151 947 1276 1006 difficilis

159 1057 215 1122 est,
241 1056 340 1111 tamen
365 1069 458 1125 neque
484 1053 600 1111 omnino
627 1054 728 1111 clausa
749 1053 867 1112 videtur
886 1071 980 1126 nequa
1000 1054 1044 1112 ita
1063 1044 1215 1127 impedita,
1242 1059 1276 1112 ut

159 1176 224 1218 eam
243 1159 371 1233 ingressi
393 1159 593 1232 quaestionem
613 1159 698 1218 nobis
719 1161 901 1234 propositam
921 1178 980 1220 non
1002 1161 1040 1218 ad
1060 1161 1191 1234 aliquam
1210 1179 1276 1235 pro·

159 1266 343 1325 habilitatem
367 1266 526 1340 perducere
551 1266 708 1340 possimus.
749 1266 784 1325 In
805 1267 842 1326 iis
863 1271 970 1338 autem,
996 1268 1128 1340 quaeda
1151 1268 1275 1343 singulis

159 1374 222 1432 cius
235 1373 369 1432 fontibus
379 1373 524 1447 prolaturi
539 1390 648 1443 sumus,
661 1391 747 1446 quern
760 1375 809 1432 ille
822 1375 853 1432 in
867 1374 1040 1433 enarrandis
1054 1375 1144 1434 rebus
1156 1379 1277 1434 secutus

159 1485 206 1539 est
226 1480 365 1549 ordinem,
387 1479 511 1538 eundem
532 1496 618 1552 quam
638 1480 766 1538 maxime
785 1481 842 1554 ipsi
863 1498 978 1555 quoquc
999 1499 1164 1554 sequamur.

610 1651 824 1680 .-.--..Ι-
868 1689 872 1696 ι

607 1964 766 2059 PARS
796 1968 825 2058 I.

488 2099 546 2158 De
570 2098 762 2158 Cornelio
785 2099 953 2172 Nepote,

238 2228 403 2288 Historiam
429 2227 558 2288 scribere
584 2245 708 2286 exorsus
734 2245 819 2301 quem
844 2229 969 2302 primum
991 2229 1074 2301 quasi
1096 2228 1199 2287 ducem
1221 2229 1276 2286 sibi

158 2341 346 2410 praeeuntem
360 2334 497 2394 habuerit
507 2333 647 2404 Velleius,
664 2335 850 2394 demonstrat
863 2334 1011 2409 Sauppius
1023 2335 1085 2409 (1.1.
1097 2354 1125 2409 p.
1139 2332 1197 2394 145
1209 2337 1275 2413 sq.),

159 2443 207 2516 qui
229 2442 396 2501 Cornelium
416 2442 562 2515 Nepotem
585 2441 663 2500 hune
684 2442 775 2501 fuisse
797 2443 906 2501 evincit
920 2460 957 2501 ex
977 2443 1022 2512 iia,
1045 2459 1119 2516 quae
1136 2443 1172 2502 de
1186 2443 1276 2502 Thes·

159 2550 233 2608 salia
256 2547 314 2620 32,
348 2549 383 2607 de
414 2548 557 2607 Oorintho
591 2554 622 2606 et
646 2547 771 2622 Ephyra
794 2546 852 2620 3.3‚
886 2551 921 2608 de
952 2550 1083 2608 Homero
1111 2567 1174 2623 cap.
1200 2548 1219 2608 5
1245 2553 1277 2608 et

158 2657 290 2716 Hesiodo
304 2653 353 2714 7.1
376 2656 468 2729 deque
489 2659 621 2728 tempore
636 2654 830 2730 Carthaginis
852 2657 988 2715 conditae
1001 2654 1051 2716 6.4
1066 2657 1181 2715 tradita
1197 2661 1275 2714 sunt.

160 2763 251 2822 cuius
272 2764 457 2838 argumentis
478 2762 612 2836 equidem
633 2762 705 2820 nihil
726 2760 830 2832 habco,
853 2763 931 2836 quod
952 2764 1084 2834 adiciam,
1107 2763 1159 2822 sed
1178 2781 1230 2836 per
1242 2780 1276 2821 se

157 2871 223 2945 ipsa
247 2888 309 2930 rem
335 2869 501 2929 absolvunt.
544 2869 656 2942 Quodsi
682 2869 741 2926 iam
767 2870 842 2927 satis
868 2873 989 2928 constat
1013 2870 1095 2943 prius
1120 2870 1176 2928 hoc
1196 2870 1277 2944 frag·-

159 2983 288 3036 mentum
313 2977 349 3051 (Ι.
366 2974 500 3054 1-8.3)
527 2994 564 3034 ex
590 2977 716 3049 Nepotis
744 2976 890 3034 chronicis
915 2975 1044 3046 fluxisse,
1067 2976 1135 3048 quid
1157 2977 1277 3034 tandem

159 3101 267 3158 quaeso
293 3085 428 3158 impedit,
454 3101 492 3142 ne
518 3084 548 3142 in
574 3083 675 3142 eodem
698 3082 795 3152 fonte,
825 3083 906 3141 cuius
932 3083 990 3141 iam
1016 3082 1141 3155 patebat
1167 3083 1274 3154 aditus

160 3192 269 3250 diutius
294 3209 359 3250 amn
384 3191 515 3250 haesisse
543 3190 729 3249 statuamus?
777 3191 855 3248 Nam
881 3189 1108 3263 discrepantiam
1133 3191 1214 3248 illam
1240 3190 1276 3248 de

158 3299 308 3357 natalibus
327 3298 408 3356 urbis
429 3314 447 3355 a
468 3299 588 3370 Nepote
609 3299 716 3370 olymp.
731 3296 803 3354 VH.
818 3295 846 3366 2,
862 3314 880 3355 a
894 3299 1006 3355 Nostro
1022 3297 1058 3354 ol.
1073 3294 1161 3356 V1.3
1183 3291 1276 3371 assig'·

159 3406 246 3475 natis,
278 3423 336 3478 qua
366 3405 551 3481 potissimum
584 3402 732 3477 Sauppius
765 3403 910 3462 adductus
937 3407 992 3474 est,
1018 3408 1053 3462 ut
1077 3405 1146 3463 inda
1172 3404 1208 3462 ab
1222 3401 1276 3462 8.ss

160 3513 232 3571 alios
258 3513 284 3571 ei
310 3512 398 3570 duces
423 3511 585 3580 tribueret,
612 3511 729 3569 minime
755 3511 824 3568 huic
849 3512 1013 3569 sententiae
1039 3511 1143 3570 obesse
1170 3529 1206 3568 ex
1230 3511 1275 3581 iis,

160 3636 233 3692 quae
268 3635 358 3692 supra
391 3634 418 3691 p.
448 3615 467 3677 6
502 3622 607 3676 contra
641 3617 799 3676 Kaiserum
836 3617 1063 3689 disputavimus,
1103 3618 1275 3691 apparebit:

158 3743 309 3784 numerum
335 3725 411 3783 enim
432 3722 615 3783 Velleianum
639 3725 808 3782 memoriter
829 3741 864 3783 ac
885 3724 947 3782 sine
968 3724 1082 3782 ratione
1105 3724 1275 3794 exhibitum,

159 3834 286 3892 fortasse
317 3832 406 3890 etiam
437 3831 609 3890 mutandum
642 3848 707 3890 esse
738 3832 872 3890 vidimus.
917 3832 983 3890 Nec
1008 3848 1078 3889 vero
1105 3831 1276 3889 crediderim

160 3940 341 4013 scriptorem,
362 3938 412 3997 ubi
434 3938 472 3996 ad
492 3939 574 4012 ipsas
594 3955 643 3997 res
658 3939 810 3998 Romanas
824 3938 1005 3997 enarrandas
1020 3937 1155 4008 accessit,
1179 3937 1276 3995 subito

160 4064 195 4105 ac
226 4047 287 4106 sine
317 4047 378 4105 ulla
409 4062 500 4105 causa
532 4044 687 4118 reliquisse
714 4045 841 4104 Cornelii
866 4045 966 4115 libros
999 4045 1047 4118 qui
1073 4061 1187 4103 summa
1213 4049 1276 4102 tum

159 4155 338 4213 auctoritate
364 4153 441 4228 apud
466 4152 619 4211 Romanos
646 4152 799 4212 florebant.
840 4153 918 4211 Nam
940 4151 1062 4210 chartae
1082 4151 1151 4209 illae
1172 4152 1277 4209 doctae

160 4266 191 4320 et
203 4260 376 4331 laboriosae,
391 4264 426 4318 ut
440 4260 483 4317 ait
497 4258 636 4317 Catullus
652 4255 715 4328 1.5,
730 4258 843 4330 'quibus
856 4275 933 4317 unus
946 4257 995 4316 ille
1009 4258 1152 4318 Italorum
1166 4258 1278 4316 incluta

1065 4359 1082 4409 2
