3266 5292
611 581 833 641 ‚33-

167 754 323 826 Appiauus
350 769 412 826 oap.
437 749 475 809 10
500 756 576 812 extr.
619 751 692 810 Tum
712 768 782 810 vero
807 751 1003 811 Octavianum
1023 752 1149 812 Romam
1169 753 1280 826 prosae

165 865 265 918 turum
284 877 361 918 nave
387 863 475 918 antea
497 859 533 918 ad
554 858 666 933 Lupias
687 875 777 932 prope
799 875 817 916 a
836 858 1004 918 Brundusio
1026 861 1149 934 appulsa
1169 859 1209 917 ibi
1229 859 1280 918 ali·

166 967 303 1043 quamdiu
330 970 500 1026 annotatum
522 983 587 1024 osse
607 966 721 1026 Noster
741 967 856 1039 quidem
878 967 984 1037 omisit,
1011 967 1088 1040 quod
1114 971 1167 1026 aut
1185 966 1281 1025 brevi·

167 1074 224 1132 tati
245 1074 432 1132 tribuendum
453 1077 500 1132 est
520 1078 573 1132 aut
593 1073 683 1134 etiam
705 1074 834 1144 oonsilio,
856 1091 892 1132 ne
912 1075 1081 1148 prinoipem,
1103 1075 1128 1132 si
1143 1091 1208 1132 eum
1221 1091 1280 1132 uon

165 1183 267 1240 statim
283 1180 471 1239 Brundisium
493 1184 611 1240 veetum
633 1198 698 1240 esse
718 1185 879 1252 narrasset,
901 1183 931 1240 in
952 1183 1146 1256 suspicionem
1166 1181 1281 1240 timoris

166 1287 336 1348 adduceret.
381 1288 507 1348 Romam
537 1292 637 1346 autem
669 1288 841 1348 adventanti
871 1289 1004 1348 immanis
1036 1289 1194 1348 amieorum
1225 1288 1281 1346 fre-

166 1395 285 1469 quentia
316 1397 444 1455 oeeurrit
474 1395 503 1471 (§
524 1392 565 1472 6),
598 1412 722 1469 quoeum
753 1395 888 1455 eonferas
913 1398 991 1471 App.
1016 1413 1040 1454 e.
1064 1393 1115 1454 12:
1147 1404 1238 1458 ὥδευεν
1257 1406 1281 1462 ἐς

154 1507 266 1583 Ῥώμην
285 1511 327 1564 σὺν
346 1510 465 1583 ἀξιολόγῳ
483 1511 573 1583 πλήθει
596 1531 611 1564 α
630 1509 739 1581 ὐξομένῳ
758 1511 854 1582 μᾶλλον
873 1513 979 1584 ἑκάστης
1002 1512 1103 1584 ἡμέρας.
1168 1503 1282 1563 Contra

165 1610 345 1685 prodigium,
383 1612 460 1684 quod
491 1628 526 1669 eo
557 1609 659 1670 urbem
690 1611 826 1686 ingresso
858 1611 953 1670 visum
984 1615 1043 1681 est,
1080 1629 1098 1670 a
1129 1610 1280 1681 Suetonio,

165 1718 298 1787 Nieolao,
320 1716 458 1792 Appiano
480 1719 619 1778 omissum
639 1734 698 1777 non
719 1735 757 1777 ex
777 1719 930 1793 Augusto,
952 1718 1004 1776 sed
1025 1736 1063 1777 ex
1078 1719 1165 1777 Livio
1185 1718 1280 1776 fluxit.

164 1810 214 1900 (el.
246 1823 346 1901 infra.)
406 1823 478 1898 Gap.
511 1821 551 1883 60
597 1842 711 1898 quoque
755 1825 838 1884 initio
869 1825 997 1899 seriptor
1028 1843 1114 1899 quam
1149 1825 1281 1899 proxime

164 1931 202 1989 ad
232 1931 347 1990 Nieolai
379 1936 411 1989 at
443 1929 573 2006 Appiani
613 1931 813 1991 narrationem
852 1932 975 1991 aceedit.
1027 1931 1162 1992 Tradunt
1206 1932 1281 1990 anim

163 2038 284 2096 haeeee:

296 2155 391 2214 Niool.
407 2155 493 2214 Dum.
510 2151 561 2214 18:
721 2159 723 2246 ξ

218 2277 231 2330 ὁ
250 2278 365 2351 surpuit
384 2275 505 2336 Φίλιππος
528 2277 640 2349 δεόμενος
659 2280 695 2352 μὴ

943 2154 1018 2212 Vell.
1041 2153 1093 2213 60:

813 2287 839 2347 1.
855 2290 923 2348 Nou
939 2289 1076 2364 placebat
1090 2291 1181 2348 Atiae
1192 2291 1280 2348 matri

162 2385 355 2456 πρθὶῑλθῑῖντῆ
384 2381 507 2458 Kalpapoc
534 2387 695 2458 κληρονομίᾳ,
750 2396 945 2472 Philippoque
976 2396 1081 2456 vitrieo
1109 2396 1201 2455 adiri
1221 2414 1280 2454 no·

163 2491 417 2563 φυλάξασθαιὸὲκαὶ
445 2491 641 2564 αὒτὸτοῦνομα,
664 2493 694 2546 δι’
750 2521 825 2562 men
870 2503 1070 2562 invidiosae
1114 2505 1282 2562 fortunae

166 2598 273 2653 ὃπᾶθῦῑ
294 2606 380 2666 *Mis
409 2601 454 2672 <qv
482 2599 503 2654 ⁶⁹
529 2601 695 2672 irpaqpovoc
751 2608 938 2669 Caesaris.
952 2656 959 2668 .
971 2655 998 2671 ..
1018 2609 1047 2670 2.
1059 2610 1281 2684 sprevititaqua

162 2706 205 2758 καὶ
224 2706 350 2777 ἀσφαλῶς.
751 2718 888 2776 eaelestis
920 2719 1033 2776 animus
1064 2718 1193 2776 humana
1214 2734 1282 2775 eon·

751 2824 816 2883 silia
831 2828 866 2882 at
892 2840 966 2882 eum
987 2824 1282 2900 perieulopotius

316 2869 394 2943 App.
414 2865 539 2927 111.13:
1221 2931 1227 2943 ⁸
1251 2931 1258 2944 ‚

750 2947 881 2990 summa
915 2947 1015 3004 quam
1035 2935 1115 2991 tuto
1136 2932 1283 2989 humilia

216 2991 362 3064 (ἀπερῤήγνυ
390 3010 417 3044 τε
435 2991 520 3063 λήγων
538 2996 583 3046 τοῦ
598 2991 694 3063 lorea)

163 3095 200 3150 ὅτι
212 3097 405 3169 ptolomaico
418 3096 441 3151 ol
452 3097 529 3152 καλὸν
554 3099 591 3172 εἴη
610 3100 694 3170 μόνον,

162 3204 228 3258 ἀλλὰ
250 3206 291 3258 καὶ
313 3204 439 3278 θνήσκειν,
463 3207 483 3259 ri
506 3205 644 3278 προκριθεὶς
667 3207 695 3260 ἐκ

165 3313 265 3364 πάντων
297 3313 330 3369 εἰς
357 3317 464 3366 τοσαῦτα
492 3313 539 3366 ὑπὸ
563 3319 608 3367 τοῦ
632 3311 694 3368 Kal·

162 3434 234 3490 σαρος
253 3417 348 3480 ἀνάξιος
367 3418 442 3472 αὑτοῦ
459 3420 568 3491 φαίνοιτο
587 3421 694 3493 φιλοκιν-

749 3038 941 3114 proposuit
975 3039 1076 3111 sequi
1120 3037 1282 3112 maluitque

750 3146 893 3204 avunomo
939 3151 970 3203 et
1011 3145 1132 3206 Caesari
1173 3145 1209 3204 de
1250 3161 1282 3204 se

750 3270 837 3326 quam
867 3253 973 3311 vitrioo
1016 3254 1144 3323 eradere.
1176 3252 1282 3312 dioti-

749 3365 833 3419 taus
863 3360 966 3419 nolas
998 3377 1091 3431 assa,
1127 3379 1195 3435 quo
1225 3377 1281 3420 uo·

749 3468 839 3526 mina
859 3466 1008 3527 Caesari
1033 3468 1164 3543 dignus
1184 3472 1282 3527 esset

748 3575 863 3646 visus,
907 3580 1019 3636 semet
1062 3576 1176 3651 ipsum
1211 3575 1281 3634 sibi

749 3683 864 3743 videri
889 3682 1082 3757 iudignum.
1136 3661 1138 3666 ,

164 3523 299 3580 ὅυνοτάτου
317 3526 453 3596 γεγονότος.

244 3856 302 3915 His
322 3857 418 3933 igitur
438 3859 511 3918 loeis
531 3859 609 3918 inter
630 3877 661 3919 se
682 3861 799 3922 collatis
818 3861 889 3920 mibi
908 3878 967 3920 non
988 3859 1046 3922 iam
1067 3863 1176 3939 opponi
1194 3880 1281 3938 posse

164 3963 294 4022 arbitror
318 3965 361 4022 ita
387 3965 541 4041 seripsisse
561 3966 716 4037 vellelum,
743 3973 785 4040 ut,
812 3985 886 4042 quae
912 3968 1067 4042 aliquando
1093 3969 1123 4027 in
1147 3971 1281 4045 Augusti

163 4072 380 4130 commentariis
400 4073 534 4147 legisset,
557 4073 586 4130 in
605 4075 773 4134 memoriam
791 4080 933 4135 revocata
947 4076 1008 4134 suis
1022 4076 1120 4135 verbis
1135 4076 1280 4137 redderet.

166 4175 259 4235 Immo
286 4183 389 4237 tantus
414 4179 476 4238 eius
501 4197 567 4238 eum
593 4181 658 4239 aliis
683 4185 956 4243 commentariorum
982 4183 1193 4259 expilatoribus
1215 4203 1281 4244 eon·

172 4299 278 4344 sensus
299 4289 353 4355 est,
375 4289 410 4343 ut
430 4288 521 4346 oeulis
542 4287 632 4346 fontis
653 4286 752 4346 verbis
771 4290 992 4350 inhaerentibus
1009 4291 1060 4349 illa
1074 4308 1139 4350 eum
1154 4293 1281 4369 exscrip-

1068 4389 1085 4442 3
