3266 5292
799 513 1020 570 ,10-

349 682 496 755 proprium
530 684 585 749 est,
618 680 716 739 variae
747 681 922 739 familiarum
953 682 1089 740 fortunae
1121 681 1328 740 describendae
1361 682 1469 754 optime

349 787 490 860 proficere
520 788 653 861 potuisse
684 788 816 861 adiutum
848 789 1002 847 annalibus
1035 789 1140 850 Attici.
1192 788 1252 846 Hic
1282 805 1395 857 vereor,
1431 805 1468 846 ne

349 894 468 953 nimium
488 895 546 953 iste
568 895 671 952 elicere
692 894 820 953 voluerit
841 913 877 952 ex
897 895 995 954 verbis
1010 895 1137 953 Oornelii
1152 895 1278 968 Nepotis
1293 895 1402 968 (Attio.
1420 893 1465 954 18.

349 999 380 1078 2)
412 1018 502 1074 supra
532 1002 590 1060 iam
621 1001 757 1071 laudatio,
791 1003 839 1075 qui
870 1003 905 1060 de
927 1002 1041 1077 origine
1061 1007 1178 1061 tantum
1199 1019 1233 1060 ac
1258 1002 1469 1077 propaginibus

350 1110 495 1193 clarorum
516 1109 646 1167 virorum
667 1109 704 1166 ab
719 1110 824 1168 Attico
847 1110 1012 1183 explanatis
1032 1109 1141 1168 diserte
1156 1110 1298 1182 loquitur;
1321 1110 1373 1167 sed
1395 1127 1468 1182 quae

349 1215 519 1273 fortunae
554 1215 738 1290 singularum
772 1216 946 1275 familiarum
981 1216 1092 1275 Kaisar
1126 1235 1164 1275 ex
1194 1218 1308 1275 Nostro
1343 1216 1470 1275 contulit

350 1323 493 1394 exempla,
516 1339 549 1380 ea
572 1339 628 1395 quo
650 1323 713 1380 iure
735 1323 772 1380 ad
793 1323 899 1380 librum
921 1324 1054 1382 annalem
1076 1324 1226 1382 rettulerit
1246 1325 1354 1382 nescio.

430 1431 478 1487 Ac
508 1447 544 1487 ne
576 1430 770 1504 genealogiae
796 1430 920 1502 quidem,
952 1430 982 1488 id
1014 1431 1091 1503 quod
1121 1430 1256 1489 Kritzius
1278 1435 1308 1489 et
1328 1431 1470 1489 Pernices

350 1541 466 1609 putant,
499 1536 629 1594 Velleius
661 1536 779 1595 nimium
811 1538 921 1596 studet.
963 1539 1097 1610 Namque
1123 1547 1158 1596 ut
1179 1539 1280 1611 paucis
1301 1543 1418 1596 tantum
1440 1545 1471 1596 et

351 1643 465 1714 quidem
488 1643 657 1701 clarissimis
679 1643 751 1702 viris
771 1644 800 1700 id
822 1644 941 1702 honoris
963 1645 1121 1717 praestitit,
1154 1650 1188 1703 ut
1218 1645 1344 1704 maiores
1370 1662 1469 1704 eorum

350 1754 477 1819 notaret,
510 1751 554 1809 ita
584 1751 657 1809 haec
688 1751 761 1824 ipsa,
795 1767 869 1823 quae
901 1751 995 1820 affert,
1028 1751 1086 1810 alia
1112 1752 1252 1810 eiusmodi
1284 1757 1362 1820 sunt,
1395 1769 1469 1824 quae

341 1857 466 1928 erudito
479 1857 581 1929 cuique
592 1858 726 1916 Romano
739 1876 775 1915 ex
786 1858 889 1930 puerili
903 1859 1090 1917 institutione
1101 1864 1221 1931 praesto
1233 1875 1299 1917 esee
1309 1859 1468 1932 potuerint,

351 1963 444 2022 veluti
465 1980 540 2036 quae
562 1964 597 2048 de
617 1965 735 2023 Aemilii
756 1965 842 2024 Pauli
856 1966 880 2022 I.
896 1963 924 2023 9.
939 1962 959 2022 3
974 1970 1005 2023 et
1026 1964 1170 2038 Scipionis
1191 1966 1326 2024 Africani
1346 1965 1371 2023 Ι.
1388 1963 1469 2023 123

351 2088 460 2146 genere
482 2076 699 2131 commemorat.
731 2074 801 2130 Alia
822 2090 892 2130 vero
914 2089 967 2146 pro
988 2090 1069 2131 more
1090 2089 1143 2130 suo
1164 2090 1223 2130 non
1244 2073 1307 2150 eine
1321 2073 1469 2131 rhetorico

352 2179 476 2250 quodam
499 2179 622 2237 artificio
645 2179 760 2248 subicit,
792 2186 909 2238 utrem
929 2167 959 2237 in
984 2180 1078 2238 maius
1105 2185 1225 2254 augeat.
1268 2178 1318 2238 Sic
1338 2180 1378 2238 Il.
1400 2178 1429 2237 3.
1453 2177 1468 2237 1

353 2284 497 2358 Scipionis
511 2287 638 2344 Nasicae
659 2291 786 2344 stemma
807 2287 941 2360 depingit
955 2304 1020 2345 eum
1034 2287 1217 2356 laudaturae,
1240 2287 1317 2359 quod
1333 2287 1469 2360 ,patriam

353 2393 523 2466 cognationi
543 2392 741 2466 praetulerit3'
768 2394 811 2451 sic
833 2393 904 2452 dicit
924 2394 964 2455 ΙΙ.
987 2392 1015 2452 7.
1039 2391 1054 2450 1
1078 2394 1113 2451 de
1136 2394 1293 2452 Gracchis:
1320 2394 1407 2463 ,huno
1428 2393 1470 2451 ri.

354 2500 481 2558 Gracchi
502 2501 595 2570 liberi,
627 2501 663 2558 P.
686 2499 831 2573 Scipionis
852 2501 986 2558 Africani
1005 2505 1138 2574 nepotes,
1170 2501 1240 2558 viva
1260 2501 1356 2559 adhuc
1376 2504 1472 2558 matre

354 2606 499 2676 Cornelia,
520 2607 655 2665 Africani
675 2607 743 2677 filia,
769 2607 825 2666 viri
847 2607 964 2681 optimis
987 2609 1114 2682 ingeniis
1135 2609 1210 2666 mele
1230 2608 1276 2666 usi
1296 2608 1376 2665 vitae
1396 2624 1472 2666 mor·

353 2715 450 2787 tisqne
470 2714 600 2772 habuere
622 2713 757 2782 exitum3'
788 2715 830 2773 sic
851 2715 940 2773 etiam
961 2714 1001 2772 ΙΙ.
1023 2712 1051 2772 8.
1075 2712 1090 2771 1
1114 2714 1147 2772 0.
1170 2714 1276 2772 Catoni
1297 2713 1472 2788 repetunda·

352 2839 416 2879 rum
438 2821 577 2879 damnato
596 2821 637 2878 M.
660 2821 783 2879 Oatonis
805 2823 853 2879 avi
874 2827 905 2880 et
923 2821 1059 2880 Africani
1080 2822 1216 2880 avunculi
1244 2821 1371 2879 virtutes
1392 2820 1471 2878 haud

352 2928 536 3002 ineleganter
557 2929 687 3001 opponit.
729 2929 799 2986 Alia
821 2929 952 3001 denique,
974 2929 1067 2987 veluti
1089 2945 1163 3001 quae
1184 2928 1220 2986 de
1240 2945 1350 3002 genere
1372 2927 1472 2986 Sullae

351 3035 392 3092 H.
415 3032 461 3092 17.
487 3032 507 3092 2
533 3040 564 3093 et
588 3035 711 3109 Pompei
737 3036 777 3094 ΙΙ.
798 3033 847 3094 29.
872 3033 887 3093 1
915 3035 964 3109 (cf.
986 3035 1026 3092 II.
1051 3032 1099 3092 21.
1124 3032 1139 3091 l
1167 3035 1202 3093 de
1228 3039 1314 3108 patre
1340 3036 1413 3110 eius)
1441 3038 1473 3092 et

352 3140 489 3198 Caesaris
510 3142 550 3199 ΙΙ.
572 3138 620 3199 41.
644 3139 660 3200 1
684 3147 956 3212 commemorantur,
989 3142 1176 3200 fortassean
1197 3142 1325 3200 vitarum
1350 3142 1471 3214 scripto

351 3248 433 3306 ribus
449 3249 543 3321 petita
559 3265 623 3307 esee
638 3249 717 3307 infre
737 3249 777 3322 (p.
792 3247 830 3307 27
846 3252 922 3326 sqq.)
944 3249 1115 3307 videbimus.
1157 3249 1206 3306 Ex
1225 3265 1281 3320 quo
1295 3248 1473 3322 intelligitur

351 3356 429 3413 haud
443 3355 554 3413 maiore
569 3373 634 3413 cum
649 3356 746 3414 studio
762 3374 797 3414 ac
819 3356 973 3430 diligentia
986 3357 1131 3414 Nostrum
1150 3356 1181 3413 in
1203 3356 1404 3430 genealogicis
1425 3335 1471 3412 iris

351 3462 440 3520 rebus
471 3467 622 3520 versatum
654 3480 719 3522 esse
750 3469 837 3536 quam
868 3480 916 3521 res
947 3463 1012 3535 ipsa
1038 3469 1068 3521 et
1092 3463 1168 3521 ratio
1190 3462 1270 3520 viros
1295 3461 1470 3531 celebrandi,

354 3587 428 3641 quae
460 3569 540 3642 open'
572 3569 784 3641 quodammodo
816 3571 968 3644 proposita
999 3575 1054 3639 eet,
1086 3570 1266 3642 postulabat.
1311 3571 1356 3627 At
1386 3568 1472 3641 plane

353 3676 430 3735 eliud
466 3676 618 3734 consilium
649 3678 793 3750 aliamque
824 3678 967 3736 rationem
998 3677 1027 3734 in
1048 3677 1159 3735 Annali
1190 3693 1243 3734 suo
1275 3680 1395 3734 secutus
1426 3679 1473 3733 eet

351 3784 481 3842 Atticus,
523 3783 555 3842 Is
578 3784 653 3841 enim
675 3785 760 3842 utin
781 3785 855 3854 aliie,
881 3784 926 3842 ita
945 3784 975 3842 in
996 3785 1052 3842 hoe
1072 3784 1156 3853 libro,
1189 3800 1245 3856 quo
1263 3782 1472 3857 'magistratus

351 3889 508 3960 ordinavit,
540 3891 722 3965 singularem
753 3891 899 3964 quandam
931 3907 1031 3948 curam
1057 3907 1232 3964 operamque
1256 3890 1287 3947 in
1308 3906 1342 3948 eo
1363 3888 1470 3962 posuit,

351 4000 386 4053 ut
401 3997 628 4070 uniuscuiusque
643 3998 714 4055 oleri
726 3999 781 4056 viri
792 3999 974 4072 propagines
985 3997 1148 4071 detegeret,
1160 4000 1268 4054 notane
1280 4030 1317 4038 -
1333 3999 1367 4053 ut
1380 3995 1472 4067 ipsius

350 4103 477 4176 Nepotis
499 4103 607 4177 (Attio.
625 4100 706 4162 18.3
727 4109 759 4162 et
777 4102 809 4180 4)
830 4104 930 4162 vorbis
950 4108 1020 4161 uter
1033 4137 1072 4145 -—
1087 4104 1144 4175 qui,
1167 4121 1185 4162 a
1206 4120 1261 4175 quo
1283 4108 1375 4170 ortus,
1398 4117 1471 4173 quoe

352 4213 478 4270 bonores
500 4210 663 4284 quibusque
684 4211 866 4285 temporibus
888 4212 1024 4284 cepisset.
1067 4210 1233 4268 Admodum
1253 4209 1347 4283 igitur
1366 4208 1470 4282 proba·
