3266 5292
648 463 870 522 -23-

199 636 281 694 cuius
303 635 338 692 de
359 633 481 692 Metello
501 632 702 691 narrationem
722 631 797 690 bene
819 637 972 706 comparat
991 632 1193 691 Rosenbaucr.
1233 631 1264 707 (l.
1286 633 1319 710 l.)

199 741 313 802 Deinde
333 741 399 815 ipsa
417 741 476 798 iam
497 739 683 797 transitionis
704 739 842 798 formula:
875 739 945 809 ‚hic
977 744 1033 796 est
1057 739 1196 797 Metellus
1220 739 1319 798 Hace·

200 846 340 918 donicus'
366 863 425 920 qua
444 850 565 920 practer
585 847 663 904 hunc
683 847 780 904 locum
801 845 903 904 ecdem
924 846 1039 904 ratione
1059 845 1099 903 H.
1120 843 1252 919 4.4(‚hic
1273 849 1321 904 est

201 953 355 1031 Opimius')
375 957 521 1026 usurpata
541 952 775 1011 additamentum
796 952 942 1026 quoddam
963 952 1118 1022 indicatur,
1144 956 1226 1012 certe
1250 952 1320 1011 talis

200 1067 255 1132 est
279 1066 313 1119 ut
333 1061 380 1119 vel
401 1061 469 1118 hinc
491 1059 664 1119 concludere
677 1059 775 1132 possis
789 1059 864 1117 haec
875 1059 991 1117 aliunde
1002 1075 1037 1116 ac
1049 1076 1123 1132 quae
1138 1060 1320 1133 praecedunt

198 1169 292 1243 petita
323 1185 397 1226 esse.
448 1167 606 1225 Postremo
638 1167 736 1225 omnia
776 1165 814 1223 ad
835 1182 924 1224 unum
944 1166 1097 1225 Metellum
1118 1167 1215 1224 relata
1236 1171 1319 1224 sunt:

200 1293 266 1334 eum
286 1274 451 1333 Alexandri
472 1278 600 1332 turmam
621 1277 788 1331 statuarum
814 1290 851 1331 ex
875 1272 1048 1332 Macedonia
1070 1273 1210 1332 detulisse
1234 1273 1264 1350 (ξ
1277 1271 1319 1350 4),

199 1382 312 1440 Rornae
343 1383 468 1456 primum
500 1381 626 1439 omnium
658 1381 759 1438 aedem
785 1397 822 1438 ex
853 1397 997 1439 marmore
1023 1379 1128 1439 fecisse
1163 1380 1192 1456 (ξ
1216 1378 1257 1458 5),
1290 1384 1321 1438 et

200 1490 299 1548 vivum
320 1488 349 1564 (ᾧ
364 1485 395 1566 6)
415 1491 446 1546 et
464 1492 612 1546 mortuum
627 1485 702 1564 (§7)
723 1487 923 1546 felicissimum
943 1487 1035 1546 luisse
1049 1521 1088 1530 -
1110 1504 1184 1560 quae
1205 1488 1321 1561 quidem

199 1596 229 1653 in
260 1599 403 1670 perpetua
416 1595 418 1598 ’
433 1595 560 1653 historia
584 1595 681 1652 locum
706 1594 816 1653 habere
841 1612 900 1653 non
924 1600 1073 1668 poterant.
1119 1597 1220 1668 Atque
1244 1594 1321 1653 idem

202 1706 304 1761 statuo
336 1702 372 1761 de
392 1701 433 1760 H.
454 1700 483 1760 5.
502 1699 531 1772 2,
563 1701 613 1760 ubi
638 1702 768 1760 narratio
793 1700 950 1760 manifesto
971 1705 1069 1760 extra
1090 1702 1259 1760 continuum
1279 1701 1322 1759 hi·

203 1808 313 1868 storiae
336 1808 465 1867 ordinem
486 1809 585 1882 posita
600 1808 780 1882 singularem
791 1808 923 1867 ostendit
937 1808 1154 1866 similitudinem
1168 1826 1234 1866 cum
1248 1807 1322 1866 libro

201 1916 238 1974 de
261 1916 333 1974 viris
358 1915 523 1974 illustribus
543 1933 571 1974 u.
592 1915 630 1973 R.
651 1915 780 1987 itemque
810 1932 876 1972 oum
897 1915 1026 1988 Ampelii
1051 1915 1126 1973 libro
1152 1915 1322 1973 memoriali.

203 2023 299 2080 Velim
320 2023 395 2080 enim
417 2022 566 2081 conferas:

271 2131 362 2188 Auct.
385 2129 421 2186 de
441 2128 495 2186 vir.
510 2129 551 2186 ill.
566 2126 614 2186 61.
630 2126 664 2186 4:
883 2125 1221 2187 vullierens:

243 2219 406 2312 (Metellus)
438 2235 516 2308 apud
545 2233 734 2293 Contrebiam
830 2240 892 2293 tam
914 2253 1048 2294 severum
1069 2235 1146 2293 illius
1169 2235 1205 2308 Q.
1227 2235 1322 2293 Mace.

203 2343 340 2416 oppidum
365 2340 419 2418 (V)
454 2342 624 2400 cohortes
657 2343 735 2401 loco
761 2327 765 2412 i
791 2343 886 2401 donici
1010 2343 1162 2415 imperinm
1187 2341 1252 2412 fuit,
1278 2346 1322 2411 ut,

202 2451 326 2522 pulsas
351 2448 468 2506 redire
493 2453 524 2506 et
548 2450 644 2507 locum
664 2451 736 2508 reci·
791 2467 856 2507 curn
876 2449 981 2528 urbem
998 2449 1188 2508 Contrebiam
1206 2449 1323 2507 nomine

202 2572 271 2628 pere
292 2554 412 2613 iussit.
789 2556 820 2614 in
830 2556 978 2630 Hispania
988 2560 1183 2631 oppugnaret,
1198 2556 1323 2628 pulsas

343 2663 460 2735 Ampel.
484 2659 596 2721 1814:
790 2663 986 2737 praecipiti
999 2664 1078 2721 loco
1095 2663 1247 2735 quinque
1268 2679 1323 2719 co-

244 2769 395 2842 (Hetellus
425 2769 654 2845 Macedonicus),
688 2763 736 2843 qui
791 2770 916 2828 hortos
948 2769 1173 2845 legionarias
1204 2769 1323 2827 eodem

204 2875 736 2951 ContrebiaminexpugnabilemHi-
791 2876 958 2950 protinus
1004 2875 1125 2934 subire
1169 2875 1322 2934 iuberet:

203 2983 736 3056 spaniaecivitatem‚iussistesta-
792 2983 1084 3056 facientibusque
1109 2982 1269 3041 omnibus
1292 2983 1324 3040 in

202 3089 737 3149 mentascribereetvetitisredire
791 3091 944 3164 procinctu
968 3093 1190 3148 testamenta
1195 3133 1323 3160 .....

204 3196 409 3256 nisivicissent
417 3195 559 3255 militibus
571 3197 736 3270 occupavit.
791 3197 913 3256 militem
933 3197 1076 3255 victorem
1101 3197 1222 3269 recepit.

286 3302 400 3362 Similia
430 3303 520 3361 etiem
550 3304 634 3378 leges
666 3304 744 3377 apud
764 3303 917 3362 Valerium
937 3304 1099 3363 Maximum
1120 3303 1160 3362 H.
1182 3301 1211 3364 7.
1234 3300 1272 3361 10
1292 3307 1324 3360 et

206 3411 381 3468 Frontinum
401 3408 456 3467 IV.
479 3407 506 3467 1.
528 3407 568 3468 23
589 3411 690 3468 eodem
711 3409 839 3469 fortasse
860 3416 981 3469 auctore
1005 3428 1084 3470 usco.
1127 3410 1187 3469 Sed
1208 3411 1243 3468 de
1263 3426 1324 3468 ma·

204 3517 281 3574 teria
302 3533 320 3574 a
340 3516 455 3575 Velleio
477 3534 514 3575 ex
534 3517 662 3575 vitarum
683 3517 765 3576 libris
796 3517 904 3576 hausta
929 3519 1081 3590 quaerenti
1107 3535 1172 3575 cum
1193 3515 1324 3575 Pseudo·

203 3623 326 3683 Victore
357 3623 456 3696 potius
478 3629 509 3682 et
528 3624 666 3698 Ampelio
697 3625 767 3682 mibi
792 3641 841 3683 res
866 3624 915 3694 sit,
949 3642 1071 3698 quorum
1101 3623 1323 3682 narrationese

204 3729 412 3804 prolixioribus
434 3730 562 3789 eiusdem
578 3730 709 3789 auctoris
723 3731 795 3789 vitis
811 3731 967 3804 decerptas
982 3747 1047 3788 esse
1061 3733 1189 3788 constat.
1217 3729 1324 3788 Nonne

204 3837 297 3912 igitur
307 3837 454 3896 Velleium
472 3837 551 3895 haud
566 3837 672 3896 leviter
684 3855 739 3896 nec
753 3838 877 3897 fortuito
892 3855 957 3896 cum
971 3842 1097 3910 utroque
1111 3838 1323 3910 congruentem

205 3943 328 4002 eundem
349 3961 435 4018 quem
455 3943 522 4002 illos
542 3943 654 4002 iontem
673 3945 782 4004 adiisse
795 3944 857 4003 veri
874 3950 921 4003 est
935 3943 1129 4002 simillimum?
1151 3976 1190 3984 -
1210 3941 1323 4000 Iterum

205 4050 282 4109 forte
314 4049 424 4109 dixeris
454 4051 512 4108 hcc
541 4067 600 4113 uno
632 4053 765 4126 exemplo
796 4069 900 4126 parum
919 4052 967 4109 vel
991 4050 1063 4108 nihil
1094 4049 1222 4123 probari.
1265 4048 1324 4107 Sed

207 4157 351 4239 accedunt
375 4156 434 4215 alia
458 4173 550 4230 eaque
574 4157 677 4230 opinor
697 4159 846 4232 graviora.
