<?xml version="1.0" encoding="UTF-8"?>
<!DOCTYPE html PUBLIC "-//W3C//DTD XHTML 1.0 Transitional//EN"
    "http://www.w3.org/TR/xhtml1/DTD/xhtml1-transitional.dtd">
<html xmlns="http://www.w3.org/1999/xhtml" xml:lang="en" lang="en">
 <head>
  <title>
</title>
<meta http-equiv="Content-Type" content="text/html;charset=utf-8" />
  <meta name='ocr-system' content='tesseract 3.04.00' />
  <meta name='ocr-capabilities' content='ocr_page ocr_carea ocr_par ocr_line ocrx_word'/>
</head>
<body>
  <div class='ocr_page' id='page_1' title='image "./defontibusvelle00burmgoog_0039.png"; bbox 0 0 3266 5292; ppageno 0'>
   <div class='ocr_carea' id='block_1_1' title="bbox 764 491 986 549">
    <p class='ocr_par' dir='ltr' id='par_1_1' title="bbox 764 491 986 549">
     <span class='ocr_line' id='line_1_1' title="bbox 764 491 986 549; baseline 0 -22"><span class='ocrx_word' id='word_1_1' title='bbox 764 491 986 549; x_wconf 78' lang='lat'>..23-</span> 
     </span>
    </p>
   </div>
   <div class='ocr_carea' id='block_1_2' title="bbox 312 659 1437 2657">
    <p class='ocr_par' dir='ltr' id='par_1_2' title="bbox 312 659 1437 2657">
     <span class='ocr_line' id='line_1_2' title="bbox 314 659 1437 738; baseline 0.001 -18"><span class='ocrx_word' id='word_1_2' title='bbox 314 678 472 721; x_wconf 85' lang='lat' dir='ltr'><strong>successus</strong></span> <span class='ocrx_word' id='word_1_3' title='bbox 495 664 633 719; x_wconf 89' lang='lat' dir='ltr'><strong>vocatum</strong></span> <span class='ocrx_word' id='word_1_4' title='bbox 654 676 732 718; x_wconf 86' lang='lat' dir='ltr'><strong>esse:</strong></span> <span class='ocrx_word' id='word_1_5' title='bbox 759 677 845 735; x_wconf 90' lang='lat' dir='ltr'><strong>quam</strong></span> <span class='ocrx_word' id='word_1_6' title='bbox 867 659 1065 718; x_wconf 80' lang='lat' dir='ltr'><strong>adulationem</strong></span> <span class='ocrx_word' id='word_1_7' title='bbox 1086 661 1116 718; x_wconf 92' lang='lat' dir='ltr'><strong>in</strong></span> <span class='ocrx_word' id='word_1_8' title='bbox 1137 667 1310 735; x_wconf 92' lang='lat' dir='ltr'><strong>perpetuum</strong></span> <span class='ocrx_word' id='word_1_9' title='bbox 1330 666 1437 738; x_wconf 89' lang='lat' dir='ltr'><strong>postea</strong></span> 
     </span>
     <span class='ocr_line' id='line_1_3' title="bbox 314 766 1435 846; baseline 0 -19"><span class='ocrx_word' id='word_1_10' title='bbox 314 785 480 842; x_wconf 79' lang='lat' dir='ltr'>cognomen</span> <span class='ocrx_word' id='word_1_11' title='bbox 514 767 647 826; x_wconf 78' lang='lat' dir='ltr'><strong>cessisse.</strong></span> <span class='ocrx_word' id='word_1_12' title='bbox 703 766 884 824; x_wconf 81' lang='lat' dir='ltr'><strong>Plutarchus</strong></span> <span class='ocrx_word' id='word_1_13' title='bbox 917 770 1015 824; x_wconf 88' lang='lat' dir='ltr'><strong>autem</strong></span> <span class='ocrx_word' id='word_1_14' title='bbox 1050 767 1106 826; x_wconf 89' lang='lat' dir='ltr'><strong>etsi</strong></span> <span class='ocrx_word' id='word_1_15' title='bbox 1133 773 1237 827; x_wconf 89' lang='lat' dir='ltr'><strong>narrat</strong></span> <span class='ocrx_word' id='word_1_16' title='bbox 1269 767 1355 843; x_wconf 85' lang='lat' dir='ltr'><strong>(Sull.</strong></span> <span class='ocrx_word' id='word_1_17' title='bbox 1384 766 1435 846; x_wconf 84' lang='grc'><strong>34)</strong></span> 
     </span>
     <span class='ocr_line' id='line_1_4' title="bbox 315 872 1434 950; baseline 0.002 -18"><span class='ocrx_word' id='word_1_18' title='bbox 315 873 430 933; x_wconf 81' lang='lat' dir='ltr'><strong>Sullam</strong></span> <span class='ocrx_word' id='word_1_19' title='bbox 462 875 557 933; x_wconf 88' lang='lat' dir='ltr'><strong>edicto</strong></span> <span class='ocrx_word' id='word_1_20' title='bbox 591 891 623 931; x_wconf 90' lang='lat' dir='ltr'><strong>se</strong></span> <span class='ocrx_word' id='word_1_21' title='bbox 651 872 779 948; x_wconf 78' lang='lat' dir='ltr'><strong>Felicem</strong></span> <span class='ocrx_word' id='word_1_22' title='bbox 811 873 955 930; x_wconf 88' lang='lat' dir='ltr'><strong>nominari</strong></span> <span class='ocrx_word' id='word_1_23' title='bbox 987 873 1116 944; x_wconf 88' lang='lat' dir='ltr'><strong>iussisse,</strong></span> <span class='ocrx_word' id='word_1_24' title='bbox 1150 879 1249 942; x_wconf 89' lang='lat' dir='ltr'><strong>tamen</strong></span> <span class='ocrx_word' id='word_1_25' title='bbox 1282 881 1351 950; x_wconf 90' lang='lat' dir='ltr'><strong>post</strong></span> <span class='ocrx_word' id='word_1_26' title='bbox 1389 877 1434 934; x_wconf 91' lang='lat' dir='ltr'><strong>vel</strong></span> 
     </span>
     <span class='ocr_line' id='line_1_5' title="bbox 314 969 1435 1056; baseline 0.001 -16"><span class='ocrx_word' id='word_1_27' title='bbox 314 969 413 1055; x_wconf 87' lang='lat' dir='ltr'><strong>potius</strong></span> <span class='ocrx_word' id='word_1_28' title='bbox 444 986 565 1054; x_wconf 89' lang='lat' dir='ltr'><strong>propter</strong></span> <span class='ocrx_word' id='word_1_29' title='bbox 585 980 712 1038; x_wconf 85' lang='lat' dir='ltr'><strong>Marium</strong></span> <span class='ocrx_word' id='word_1_30' title='bbox 743 979 872 1037; x_wconf 89' lang='lat' dir='ltr'><strong>occisum</strong></span> <span class='ocrx_word' id='word_1_31' title='bbox 902 978 932 1037; x_wconf 95' lang='lat' dir='ltr'><strong>id</strong></span> <span class='ocrx_word' id='word_1_32' title='bbox 963 979 1074 1039; x_wconf 85' lang='lat' dir='ltr'><strong>factum</strong></span> <span class='ocrx_word' id='word_1_33' title='bbox 1100 997 1165 1040; x_wconf 88' lang='lat' dir='ltr'><strong>esse</strong></span> <span class='ocrx_word' id='word_1_34' title='bbox 1189 982 1318 1056; x_wconf 85' lang='lat' dir='ltr'><strong>ignorat</strong></span> <span class='ocrx_word' id='word_1_35' title='bbox 1361 982 1435 1041; x_wconf 76' lang='lat' dir='ltr'><strong>uum</strong></span> 
     </span>
     <span class='ocr_line' id='line_1_6' title="bbox 314 1078 1433 1160; baseline 0.001 -13"><span class='ocrx_word' id='word_1_36' title='bbox 314 1093 414 1146; x_wconf 90' lang='lat' dir='ltr'><strong>autem</strong></span> <span class='ocrx_word' id='word_1_37' title='bbox 439 1088 488 1146; x_wconf 92' lang='lat' dir='ltr'><strong>hic</strong></span> <span class='ocrx_word' id='word_1_38' title='bbox 509 1091 622 1146; x_wconf 90' lang='lat' dir='ltr'><strong>certum</strong></span> <span class='ocrx_word' id='word_1_39' title='bbox 643 1087 714 1157; x_wconf 82' lang='lat' dir='ltr'><strong>elue,</strong></span> <span class='ocrx_word' id='word_1_40' title='bbox 741 1103 826 1159; x_wconf 90' lang='lat' dir='ltr'><strong>quem</strong></span> <span class='ocrx_word' id='word_1_41' title='bbox 848 1086 1023 1158; x_wconf 88' lang='lat' dir='ltr'><strong>quaerimus,</strong></span> <span class='ocrx_word' id='word_1_42' title='bbox 1050 1087 1140 1146; x_wconf 85' lang='lat' dir='ltr'><strong>fontis</strong></span> <span class='ocrx_word' id='word_1_43' title='bbox 1164 1078 1301 1147; x_wconf 87' lang='lat' dir='ltr'><strong>indicium</strong></span> <span class='ocrx_word' id='word_1_44' title='bbox 1322 1094 1433 1160; x_wconf 86' lang='lat' dir='ltr'><strong>teneas,</strong></span> 
     </span>
     <span class='ocr_line' id='line_1_7' title="bbox 314 1191 1436 1265; baseline 0.001 -12"><span class='ocrx_word' id='word_1_45' title='bbox 314 1194 487 1254; x_wconf 77' lang='lat' dir='ltr'><strong>invitaberis</strong></span> <span class='ocrx_word' id='word_1_46' title='bbox 512 1194 649 1263; x_wconf 83' lang='lat' dir='ltr'><strong>fortasse,</strong></span> <span class='ocrx_word' id='word_1_47' title='bbox 675 1197 718 1262; x_wconf 91' lang='lat' dir='ltr'><strong>ut,</strong></span> <span class='ocrx_word' id='word_1_48' title='bbox 745 1192 822 1265; x_wconf 93' lang='lat' dir='ltr'><strong>quod</strong></span> <span class='ocrx_word' id='word_1_49' title='bbox 848 1193 919 1251; x_wconf 90' lang='lat' dir='ltr'><strong>dicit</strong></span> <span class='ocrx_word' id='word_1_50' title='bbox 943 1193 1056 1252; x_wconf 82' lang='lat' dir='ltr'><strong>Noster</strong></span> <span class='ocrx_word' id='word_1_51' title='bbox 1079 1191 1128 1252; x_wconf 82' lang='grc'><strong>28.</strong></span> <span class='ocrx_word' id='word_1_52' title='bbox 1153 1191 1173 1252; x_wconf 85' lang='grc'><strong>3</strong></span> <span class='ocrx_word' id='word_1_53' title='bbox 1199 1199 1230 1252; x_wconf 93' lang='lat' dir='ltr'><strong>et</strong></span> <span class='ocrx_word' id='word_1_54' title='bbox 1254 1195 1307 1254; x_wconf 89' lang='lat' dir='ltr'><strong>Ps.</strong></span> <span class='ocrx_word' id='word_1_55' title='bbox 1327 1196 1436 1254; x_wconf 82' lang='lat' dir='ltr'><strong>Victor</strong></span> 
     </span>
     <span class='ocr_line' id='line_1_8' title="bbox 314 1297 1434 1376; baseline 0.001 -16"><span class='ocrx_word' id='word_1_56' title='bbox 314 1301 383 1360; x_wconf 88' lang='lat' dir='ltr'><strong>ibid.</strong></span> <span class='ocrx_word' id='word_1_57' title='bbox 407 1297 458 1360; x_wconf 86' lang='lat'><strong>10:</strong></span> <span class='ocrx_word' id='word_1_58' title='bbox 489 1300 636 1374; x_wconf 89' lang='lat' dir='ltr'><strong>primum</strong></span> <span class='ocrx_word' id='word_1_59' title='bbox 668 1300 795 1359; x_wconf 91' lang='lat' dir='ltr'><strong>omnium</strong></span> <span class='ocrx_word' id='word_1_60' title='bbox 816 1298 929 1358; x_wconf 80' lang='lat' dir='ltr'><strong>Sullam</strong></span> <span class='ocrx_word' id='word_1_61' title='bbox 953 1299 1177 1375; x_wconf 89' lang='lat' dir='ltr'><strong>proscriptionis</strong></span> <span class='ocrx_word' id='word_1_62' title='bbox 1205 1303 1370 1376; x_wconf 83' lang='lat' dir='ltr'><strong>exemplum</strong></span> <span class='ocrx_word' id='word_1_63' title='bbox 1393 1304 1434 1361; x_wconf 92' lang='lat' dir='ltr'><strong>in·</strong></span> 
     </span>
     <span class='ocr_line' id='line_1_9' title="bbox 315 1406 1435 1483; baseline 0.001 -17"><span class='ocrx_word' id='word_1_64' title='bbox 315 1409 441 1478; x_wconf 89' lang='lat' dir='ltr'><strong>venisse,</strong></span> <span class='ocrx_word' id='word_1_65' title='bbox 473 1408 511 1466; x_wconf 89' lang='lat' dir='ltr'><strong>ad</strong></span> <span class='ocrx_word' id='word_1_66' title='bbox 543 1407 665 1465; x_wconf 89' lang='lat' dir='ltr'><strong>eundem</strong></span> <span class='ocrx_word' id='word_1_67' title='bbox 691 1407 803 1465; x_wconf 86' lang='lat' dir='ltr'><strong>fontem</strong></span> <span class='ocrx_word' id='word_1_68' title='bbox 828 1406 948 1464; x_wconf 75' lang='lat' dir='ltr'><strong>referas,</strong></span> <span class='ocrx_word' id='word_1_69' title='bbox 990 1406 1039 1465; x_wconf 84' lang='lat' dir='ltr'><strong>llx</strong></span> <span class='ocrx_word' id='word_1_70' title='bbox 1058 1407 1123 1465; x_wconf 89' lang='lat' dir='ltr'><strong>vita</strong></span> <span class='ocrx_word' id='word_1_71' title='bbox 1143 1409 1233 1467; x_wconf 89' lang='lat' dir='ltr'><strong>etiam</strong></span> <span class='ocrx_word' id='word_1_72' title='bbox 1254 1407 1354 1483; x_wconf 84' lang='lat' dir='ltr'><strong>Sullae</strong></span> <span class='ocrx_word' id='word_1_73' title='bbox 1375 1427 1435 1468; x_wconf 87' lang='lat' dir='ltr'><strong>me-</strong></span> 
     </span>
     <span class='ocr_line' id='line_1_10' title="bbox 314 1510 1435 1590; baseline 0.001 -17"><span class='ocrx_word' id='word_1_74' title='bbox 314 1533 421 1590; x_wconf 85' lang='lat' dir='ltr'><strong>gorum</strong></span> <span class='ocrx_word' id='word_1_75' title='bbox 446 1514 616 1573; x_wconf 77' lang='lat' dir='ltr'><strong>vaticinium</strong></span> <span class='ocrx_word' id='word_1_76' title='bbox 637 1511 697 1587; x_wconf 77' lang='lat' dir='ltr'><strong>(at.</strong></span> <span class='ocrx_word' id='word_1_77' title='bbox 718 1510 750 1589; x_wconf 79' lang='lat'><strong>3)</strong></span> <span class='ocrx_word' id='word_1_78' title='bbox 775 1513 915 1571; x_wconf 91' lang='lat' dir='ltr'><strong>haustum</strong></span> <span class='ocrx_word' id='word_1_79' title='bbox 936 1513 1062 1584; x_wconf 89' lang='lat' dir='ltr'><strong>videtur,</strong></span> <span class='ocrx_word' id='word_1_80' title='bbox 1089 1515 1166 1587; x_wconf 90' lang='lat' dir='ltr'><strong>quod</strong></span> <span class='ocrx_word' id='word_1_81' title='bbox 1191 1533 1257 1572; x_wconf 89' lang='lat' dir='ltr'><strong>cum</strong></span> <span class='ocrx_word' id='word_1_82' title='bbox 1276 1515 1326 1585; x_wconf 92' lang='lat' dir='ltr'><strong>iis,</strong></span> <span class='ocrx_word' id='word_1_83' title='bbox 1360 1533 1435 1589; x_wconf 90' lang='lat' dir='ltr'><strong>quae</strong></span> 
     </span>
     <span class='ocr_line' id='line_1_11' title="bbox 314 1619 1432 1697; baseline 0.001 -17"><span class='ocrx_word' id='word_1_84' title='bbox 314 1622 448 1697; x_wconf 85' lang='lat' dir='ltr'><strong>proxime</strong></span> <span class='ocrx_word' id='word_1_85' title='bbox 462 1621 642 1680; x_wconf 89' lang='lat' dir='ltr'><strong>antecedunt</strong></span> <span class='ocrx_word' id='word_1_86' title='bbox 656 1624 687 1678; x_wconf 89' lang='lat' dir='ltr'><strong>et</strong></span> <span class='ocrx_word' id='word_1_87' title='bbox 701 1637 775 1692; x_wconf 91' lang='lat' dir='ltr'><strong>quae</strong></span> <span class='ocrx_word' id='word_1_88' title='bbox 790 1619 893 1678; x_wconf 88' lang='lat' dir='ltr'><strong>statim</strong></span> <span class='ocrx_word' id='word_1_89' title='bbox 908 1620 1134 1694; x_wconf 89' lang='lat' dir='ltr'><strong>subsequuntur,</strong></span> <span class='ocrx_word' id='word_1_90' title='bbox 1153 1621 1198 1680; x_wconf 92' lang='lat' dir='ltr'><strong>ita</strong></span> <span class='ocrx_word' id='word_1_91' title='bbox 1211 1639 1270 1680; x_wconf 92' lang='lat' dir='ltr'><strong>non</strong></span> <span class='ocrx_word' id='word_1_92' title='bbox 1285 1623 1432 1694; x_wconf 85' lang='lat' dir='ltr'><strong>cohaeret,</strong></span> 
     </span>
     <span class='ocr_line' id='line_1_12' title="bbox 314 1726 1434 1802; baseline 0.001 -15"><span class='ocrx_word' id='word_1_93' title='bbox 314 1733 350 1787; x_wconf 94' lang='lat' dir='ltr'><strong>ut</strong></span> <span class='ocrx_word' id='word_1_94' title='bbox 370 1729 453 1786; x_wconf 88' lang='lat' dir='ltr'><strong>salvo</strong></span> <span class='ocrx_word' id='word_1_95' title='bbox 474 1745 572 1786; x_wconf 88' lang='lat' dir='ltr'><strong>rerum</strong></span> <span class='ocrx_word' id='word_1_96' title='bbox 593 1744 707 1785; x_wconf 86' lang='lat' dir='ltr'><strong>conexu</strong></span> <span class='ocrx_word' id='word_1_97' title='bbox 727 1726 864 1785; x_wconf 82' lang='lat' dir='ltr'><strong>facillime</strong></span> <span class='ocrx_word' id='word_1_98' title='bbox 886 1726 922 1786; x_wconf 89' lang='lat' dir='ltr'><strong>ab</strong></span> <span class='ocrx_word' id='word_1_99' title='bbox 942 1727 979 1785; x_wconf 94' lang='lat' dir='ltr'><strong>iis</strong></span> <span class='ocrx_word' id='word_1_100' title='bbox 1000 1729 1131 1801; x_wconf 88' lang='lat' dir='ltr'><strong>separari</strong></span> <span class='ocrx_word' id='word_1_101' title='bbox 1151 1729 1254 1802; x_wconf 85' lang='lat' dir='ltr'><strong>possit.</strong></span> <span class='ocrx_word' id='word_1_102' title='bbox 1296 1729 1342 1788; x_wconf 89' lang='lat' dir='ltr'><strong>Re</strong></span> <span class='ocrx_word' id='word_1_103' title='bbox 1363 1747 1434 1788; x_wconf 89' lang='lat' dir='ltr'><strong>vera</strong></span> 
     </span>
     <span class='ocr_line' id='line_1_13' title="bbox 315 1832 1434 1908; baseline 0.003 -16"><span class='ocrx_word' id='word_1_104' title='bbox 315 1840 414 1893; x_wconf 90' lang='lat' dir='ltr'><strong>autem</strong></span> <span class='ocrx_word' id='word_1_105' title='bbox 428 1834 610 1893; x_wconf 88' lang='lat' dir='ltr'><strong>Parthorum</strong></span> <span class='ocrx_word' id='word_1_106' title='bbox 630 1834 734 1908; x_wconf 83' lang='lat' dir='ltr'><strong>legati,</strong></span> <span class='ocrx_word' id='word_1_107' title='bbox 753 1832 784 1891; x_wconf 92' lang='lat' dir='ltr'><strong>in</strong></span> <span class='ocrx_word' id='word_1_108' title='bbox 799 1833 904 1906; x_wconf 90' lang='lat' dir='ltr'><strong>quibus</strong></span> <span class='ocrx_word' id='word_1_109' title='bbox 917 1835 999 1908; x_wconf 82' lang='lat' dir='ltr'><strong>magi</strong></span> <span class='ocrx_word' id='word_1_110' title='bbox 1011 1834 1054 1891; x_wconf 93' lang='lat' dir='ltr'><strong>illi</strong></span> <span class='ocrx_word' id='word_1_111' title='bbox 1069 1839 1163 1904; x_wconf 91' lang='lat' dir='ltr'><strong>erant,</strong></span> <span class='ocrx_word' id='word_1_112' title='bbox 1184 1853 1252 1906; x_wconf 91' lang='lat' dir='ltr'><strong>non,</strong></span> <span class='ocrx_word' id='word_1_113' title='bbox 1274 1840 1309 1895; x_wconf 92' lang='lat' dir='ltr'><strong>ut</strong></span> <span class='ocrx_word' id='word_1_114' title='bbox 1322 1837 1434 1896; x_wconf 84' lang='lat' dir='ltr'><strong>Noster</strong></span> 
     </span>
     <span class='ocr_line' id='line_1_14' title="bbox 314 1939 1434 2012; baseline 0.003 -13"><span class='ocrx_word' id='word_1_115' title='bbox 314 1941 396 2012; x_wconf 88' lang='lat' dir='ltr'><strong>dicit,</strong></span> <span class='ocrx_word' id='word_1_116' title='bbox 407 1939 412 2001; x_wconf 69' lang='lat' dir='ltr'><strong>i</strong></span> <span class='ocrx_word' id='word_1_117' title='bbox 419 1941 455 2000; x_wconf 91' lang='lat' dir='ltr'><strong>ad</strong></span> <span class='ocrx_word' id='word_1_118' title='bbox 477 1940 589 2000; x_wconf 85' lang='lat' dir='ltr'><strong>Sullam</strong></span> <span class='ocrx_word' id='word_1_119' title='bbox 609 1940 640 1998; x_wconf 91' lang='lat' dir='ltr'><strong>in</strong></span> <span class='ocrx_word' id='word_1_120' title='bbox 660 1940 779 1998; x_wconf 88' lang='lat' dir='ltr'><strong>Italiam</strong></span> <span class='ocrx_word' id='word_1_121' title='bbox 799 1944 986 1999; x_wconf 87' lang='lat' dir='ltr'><strong>revecturum</strong></span> <span class='ocrx_word' id='word_1_122' title='bbox 1006 1946 1159 2012; x_wconf 75' lang='lat' dir='ltr'><strong>venerumt,</strong></span> <span class='ocrx_word' id='word_1_123' title='bbox 1182 1943 1234 2001; x_wconf 90' lang='lat' dir='ltr'><strong>sed</strong></span> <span class='ocrx_word' id='word_1_124' title='bbox 1254 1943 1312 2002; x_wconf 91' lang='lat' dir='ltr'><strong>iam</strong></span> <span class='ocrx_word' id='word_1_125' title='bbox 1335 1944 1434 2002; x_wconf 89' lang='lat' dir='ltr'><strong>decem</strong></span> 
     </span>
     <span class='ocr_line' id='line_1_15' title="bbox 315 2047 1433 2120; baseline 0.003 -14"><span class='ocrx_word' id='word_1_126' title='bbox 315 2049 400 2106; x_wconf 88' lang='lat' dir='ltr'><strong>annis</strong></span> <span class='ocrx_word' id='word_1_127' title='bbox 422 2051 500 2118; x_wconf 88' lang='lat' dir='ltr'><strong>ente,</strong></span> <span class='ocrx_word' id='word_1_128' title='bbox 523 2065 586 2106; x_wconf 92' lang='lat' dir='ltr'><strong>cum</strong></span> <span class='ocrx_word' id='word_1_129' title='bbox 609 2065 646 2105; x_wconf 90' lang='lat' dir='ltr'><strong>ex</strong></span> <span class='ocrx_word' id='word_1_130' title='bbox 667 2051 807 2120; x_wconf 88' lang='lat' dir='ltr'><strong>praetura</strong></span> <span class='ocrx_word' id='word_1_131' title='bbox 826 2048 876 2105; x_wconf 92' lang='lat' dir='ltr'><strong>ille</strong></span> <span class='ocrx_word' id='word_1_132' title='bbox 891 2047 1024 2106; x_wconf 78' lang='lat' dir='ltr'><strong>Ciliciam</strong></span> <span class='ocrx_word' id='word_1_133' title='bbox 1045 2048 1221 2108; x_wconf 89' lang='lat' dir='ltr'><strong>obtinuisset</strong></span> <span class='ocrx_word' id='word_1_134' title='bbox 1242 2054 1274 2108; x_wconf 90' lang='lat' dir='ltr'><strong>et</strong></span> <span class='ocrx_word' id='word_1_135' title='bbox 1293 2051 1433 2109; x_wconf 83' lang='lat' dir='ltr'><strong>Ariobar-</strong></span> 
     </span>
     <span class='ocr_line' id='line_1_16' title="bbox 314 2137 1432 2230; baseline 0.004 -18"><span class='ocrx_word' id='word_1_136' title='bbox 314 2137 416 2214; x_wconf 86' lang='lat' dir='ltr'><strong>zanem</strong></span> <span class='ocrx_word' id='word_1_137' title='bbox 448 2154 479 2212; x_wconf 93' lang='lat' dir='ltr'><strong>in</strong></span> <span class='ocrx_word' id='word_1_138' title='bbox 514 2153 718 2228; x_wconf 73' lang='lat' dir='ltr'><strong>Cappadociae</strong></span> <span class='ocrx_word' id='word_1_139' title='bbox 752 2171 877 2228; x_wconf 83' lang='lat' dir='ltr'><strong>regnum</strong></span> <span class='ocrx_word' id='word_1_140' title='bbox 911 2155 1106 2225; x_wconf 89' lang='lat' dir='ltr'><strong>restituisset;</strong></span> <span class='ocrx_word' id='word_1_141' title='bbox 1142 2155 1177 2214; x_wconf 86' lang='lat' dir='ltr'><strong>cf.</strong></span> <span class='ocrx_word' id='word_1_142' title='bbox 1213 2161 1332 2230; x_wconf 92' lang='lat' dir='ltr'><strong>praeter</strong></span> <span class='ocrx_word' id='word_1_143' title='bbox 1366 2157 1432 2216; x_wconf 85' lang='lat' dir='ltr'><strong>Liv.</strong></span> 
     </span>
     <span class='ocr_line' id='line_1_17' title="bbox 313 2258 1433 2334; baseline 0.003 -14"><span class='ocrx_word' id='word_1_144' title='bbox 313 2262 449 2320; x_wconf 91' lang='lat' dir='ltr'><strong>Perioch.</strong></span> <span class='ocrx_word' id='word_1_145' title='bbox 472 2260 564 2320; x_wconf 86' lang='lat' dir='ltr'><strong>LXX</strong></span> <span class='ocrx_word' id='word_1_146' title='bbox 583 2261 665 2319; x_wconf 89' lang='lat' dir='ltr'><strong>Plut.</strong></span> <span class='ocrx_word' id='word_1_147' title='bbox 688 2259 760 2318; x_wconf 89' lang='lat' dir='ltr'><strong>Sull.</strong></span> <span class='ocrx_word' id='word_1_148' title='bbox 782 2258 810 2330; x_wconf 84' lang='lat'><strong>5,</strong></span> <span class='ocrx_word' id='word_1_149' title='bbox 840 2261 889 2334; x_wconf 91' lang='lat' dir='ltr'><strong>qui</strong></span> <span class='ocrx_word' id='word_1_150' title='bbox 920 2278 972 2319; x_wconf 91' lang='lat' dir='ltr'><strong>suo</strong></span> <span class='ocrx_word' id='word_1_151' title='bbox 1004 2263 1068 2320; x_wconf 90' lang='lat' dir='ltr'><strong>loco</strong></span> <span class='ocrx_word' id='word_1_152' title='bbox 1099 2280 1162 2320; x_wconf 91' lang='lat' dir='ltr'><strong>rem</strong></span> <span class='ocrx_word' id='word_1_153' title='bbox 1192 2269 1303 2322; x_wconf 89' lang='lat' dir='ltr'><strong>narrat.</strong></span> <span class='ocrx_word' id='word_1_154' title='bbox 1345 2264 1433 2323; x_wconf 90' lang='lat' dir='ltr'><strong>Hanc</strong></span> 
     </span>
     <span class='ocr_line' id='line_1_18' title="bbox 312 2368 1432 2443; baseline 0.002 -16"><span class='ocrx_word' id='word_1_155' title='bbox 312 2368 406 2443; x_wconf 85' lang='lat' dir='ltr'><strong>igitur</strong></span> <span class='ocrx_word' id='word_1_156' title='bbox 436 2368 699 2438; x_wconf 83' lang='lat' dir='ltr'><strong>narratiunculam,</strong></span> <span class='ocrx_word' id='word_1_157' title='bbox 732 2384 807 2443; x_wconf 87' lang='lat' dir='ltr'><strong>quae</strong></span> <span class='ocrx_word' id='word_1_158' title='bbox 837 2369 885 2426; x_wconf 90' lang='lat' dir='ltr'><strong>vel</strong></span> <span class='ocrx_word' id='word_1_159' title='bbox 920 2369 1112 2427; x_wconf 87' lang='lat' dir='ltr'><strong>collocatione</strong></span> <span class='ocrx_word' id='word_1_160' title='bbox 1142 2375 1308 2443; x_wconf 89' lang='lat' dir='ltr'><strong>temporum</strong></span> <span class='ocrx_word' id='word_1_161' title='bbox 1338 2371 1432 2429; x_wconf 92' lang='lat' dir='ltr'><strong>ordini</strong></span> 
     </span>
     <span class='ocr_line' id='line_1_19' title="bbox 313 2474 1432 2549; baseline 0.003 -16"><span class='ocrx_word' id='word_1_162' title='bbox 313 2479 500 2549; x_wconf 83' lang='lat' dir='ltr'><strong>repugnante</strong></span> <span class='ocrx_word' id='word_1_163' title='bbox 531 2475 670 2533; x_wconf 78' lang='lat' dir='ltr'><strong>addititia</strong></span> <span class='ocrx_word' id='word_1_164' title='bbox 701 2475 882 2548; x_wconf 81' lang='lat' dir='ltr'><strong>agnoscitur,</strong></span> <span class='ocrx_word' id='word_1_165' title='bbox 914 2475 944 2532; x_wconf 90' lang='lat' dir='ltr'><strong>in</strong></span> <span class='ocrx_word' id='word_1_166' title='bbox 974 2476 1038 2533; x_wconf 89' lang='lat' dir='ltr'><strong>vita</strong></span> <span class='ocrx_word' id='word_1_167' title='bbox 1063 2474 1163 2533; x_wconf 88' lang='lat' dir='ltr'><strong>Sullae</strong></span> <span class='ocrx_word' id='word_1_168' title='bbox 1193 2477 1345 2536; x_wconf 90' lang='lat' dir='ltr'><strong>inventam</strong></span> <span class='ocrx_word' id='word_1_169' title='bbox 1375 2478 1432 2536; x_wconf 92' lang='lat' dir='ltr'><strong>hoc</strong></span> 
     </span>
     <span class='ocr_line' id='line_1_20' title="bbox 314 2579 1431 2657; baseline 0.003 -17"><span class='ocrx_word' id='word_1_170' title='bbox 314 2583 378 2640; x_wconf 92' lang='lat' dir='ltr'><strong>loco</strong></span> <span class='ocrx_word' id='word_1_171' title='bbox 404 2582 595 2656; x_wconf 88' lang='lat' dir='ltr'><strong>interposuit,</strong></span> <span class='ocrx_word' id='word_1_172' title='bbox 618 2581 713 2639; x_wconf 91' lang='lat' dir='ltr'><strong>alieno</strong></span> <span class='ocrx_word' id='word_1_173' title='bbox 739 2581 855 2654; x_wconf 89' lang='lat' dir='ltr'><strong>quidem</strong></span> <span class='ocrx_word' id='word_1_174' title='bbox 874 2579 934 2650; x_wconf 91' lang='lat' dir='ltr'><strong>illo,</strong></span> <span class='ocrx_word' id='word_1_175' title='bbox 964 2582 1015 2639; x_wconf 89' lang='lat' dir='ltr'><strong>sed</strong></span> <span class='ocrx_word' id='word_1_176' title='bbox 1036 2582 1115 2640; x_wconf 92' lang='lat' dir='ltr'><strong>haud</strong></span> <span class='ocrx_word' id='word_1_177' title='bbox 1135 2582 1340 2657; x_wconf 90' lang='lat' dir='ltr'><strong>inopportuno,</strong></span> <span class='ocrx_word' id='word_1_178' title='bbox 1363 2602 1431 2657; x_wconf 90' lang='lat' dir='ltr'><strong>quo·</strong></span> 
     </span>
    </p>
   </div>
   <div class='ocr_carea' id='block_1_3' title="bbox 313 2688 1433 2871">
    <p class='ocr_par' dir='ltr' id='par_1_3' title="bbox 313 2688 1433 2871">
     <span class='ocr_line' id='line_1_21' title="bbox 313 2688 1433 2776; baseline 0.001 -28"><span class='ocrx_word' id='word_1_179' title='bbox 313 2691 392 2748; x_wconf 90' lang='lat' dir='ltr'><strong>niam</strong></span> <span class='ocrx_word' id='word_1_180' title='bbox 419 2688 502 2748; x_wconf 88' lang='lat' dir='ltr'><strong>Sulla</strong></span> <span class='ocrx_word' id='word_1_181' title='bbox 532 2693 595 2746; x_wconf 88' lang='lat' dir='ltr'><strong>tum</strong></span> <span class='ocrx_word' id='word_1_182' title='bbox 627 2688 665 2746; x_wconf 93' lang='lat' dir='ltr'><strong>ad</strong></span> <span class='ocrx_word' id='word_1_183' title='bbox 696 2689 868 2747; x_wconf 86' lang='lat' dir='ltr'><strong>felicitatem</strong></span> <span class='ocrx_word' id='word_1_184' title='bbox 889 2705 907 2745; x_wconf 90' lang='lat' dir='ltr'><strong>a</strong></span> <span class='ocrx_word' id='word_1_185' title='bbox 927 2689 1024 2776; x_wconf 81' lang='lat' dir='ltr'><strong>magis</strong></span> <span class='ocrx_word' id='word_1_186' title='bbox 1055 2691 1229 2763; x_wconf 89' lang='lat' dir='ltr'><strong>promissam</strong></span> <span class='ocrx_word' id='word_1_187' title='bbox 1259 2690 1289 2748; x_wconf 92' lang='lat' dir='ltr'><strong>in</strong></span> <span class='ocrx_word' id='word_1_188' title='bbox 1314 2691 1433 2749; x_wconf 88' lang='lat' dir='ltr'><strong>Italiam</strong></span> 
     </span>
     <span class='ocr_line' id='line_1_22' title="bbox 315 2795 963 2871; baseline -0.003 -17"><span class='ocrx_word' id='word_1_189' title='bbox 315 2795 439 2855; x_wconf 87' lang='lat' dir='ltr'><strong>redibat.</strong></span> <span class='ocrx_word' id='word_1_190' title='bbox 482 2795 531 2869; x_wconf 82' lang='lat' dir='ltr'><strong>(of.</strong></span> <span class='ocrx_word' id='word_1_191' title='bbox 553 2795 677 2854; x_wconf 88' lang='lat' dir='ltr'><strong>Krausii</strong></span> <span class='ocrx_word' id='word_1_192' title='bbox 698 2795 798 2853; x_wconf 90' lang='lat' dir='ltr'><strong>adnot.</strong></span> <span class='ocrx_word' id='word_1_193' title='bbox 821 2795 858 2852; x_wconf 88' lang='lat' dir='ltr'><strong>ad</strong></span> <span class='ocrx_word' id='word_1_194' title='bbox 878 2796 908 2853; x_wconf 91' lang='lat' dir='ltr'><strong>h.</strong></span> <span class='ocrx_word' id='word_1_195' title='bbox 931 2796 963 2871; x_wconf 88' lang='lat' dir='ltr'><strong>l.)</strong></span> 
     </span>
    </p>
   </div>
   <div class='ocr_carea' id='block_1_4' title="bbox 305 2902 1434 4263">
    <p class='ocr_par' dir='ltr' id='par_1_4' title="bbox 305 2902 1434 4263">
     <span class='ocr_line' id='line_1_23' title="bbox 395 2902 1433 2977; baseline 0.001 -16"><span class='ocrx_word' id='word_1_196' title='bbox 395 2903 542 2977; x_wconf 92' lang='lat' dir='ltr'><strong>Pompei</strong></span> <span class='ocrx_word' id='word_1_197' title='bbox 564 2920 677 2976; x_wconf 92' lang='lat' dir='ltr'><strong>quoque</strong></span> <span class='ocrx_word' id='word_1_198' title='bbox 697 2903 790 2960; x_wconf 90' lang='lat' dir='ltr'><strong>vitam</strong></span> <span class='ocrx_word' id='word_1_199' title='bbox 811 2902 849 2959; x_wconf 93' lang='lat' dir='ltr'><strong>ad</strong></span> <span class='ocrx_word' id='word_1_200' title='bbox 870 2918 974 2960; x_wconf 88' lang='lat' dir='ltr'><strong>manus</strong></span> <span class='ocrx_word' id='word_1_201' title='bbox 996 2903 1021 2960; x_wconf 92' lang='lat' dir='ltr'><strong>ei</strong></span> <span class='ocrx_word' id='word_1_202' title='bbox 1042 2903 1133 2962; x_wconf 86' lang='lat' dir='ltr'><strong>fuisse</strong></span> <span class='ocrx_word' id='word_1_203' title='bbox 1154 2905 1376 2963; x_wconf 87' lang='lat' dir='ltr'><strong>conicere‘licet</strong></span> <span class='ocrx_word' id='word_1_204' title='bbox 1396 2922 1433 2963; x_wconf 83' lang='lat' dir='ltr'><strong>ex</strong></span> 
     </span>
     <span class='ocr_line' id='line_1_24' title="bbox 314 3007 1432 3085; baseline 0.002 -17"><span class='ocrx_word' id='word_1_205' title='bbox 314 3010 359 3079; x_wconf 90' lang='lat' dir='ltr'><strong>iis,</strong></span> <span class='ocrx_word' id='word_1_206' title='bbox 392 3027 467 3082; x_wconf 87' lang='lat' dir='ltr'><strong>quae</strong></span> <span class='ocrx_word' id='word_1_207' title='bbox 489 3027 552 3084; x_wconf 90' lang='lat' dir='ltr'><strong>cap.</strong></span> <span class='ocrx_word' id='word_1_208' title='bbox 574 3007 614 3068; x_wconf 78' lang='lat'><strong>29</strong></span> <span class='ocrx_word' id='word_1_209' title='bbox 634 3009 727 3080; x_wconf 92' lang='lat' dir='ltr'><strong>initio,</strong></span> <span class='ocrx_word' id='word_1_210' title='bbox 758 3009 809 3067; x_wconf 90' lang='lat' dir='ltr'><strong>ubi</strong></span> <span class='ocrx_word' id='word_1_211' title='bbox 829 3009 911 3067; x_wconf 91' lang='lat' dir='ltr'><strong>illum</strong></span> <span class='ocrx_word' id='word_1_212' title='bbox 935 3009 1060 3083; x_wconf 89' lang='lat' dir='ltr'><strong>primum</strong></span> <span class='ocrx_word' id='word_1_213' title='bbox 1080 3011 1110 3067; x_wconf 91' lang='lat' dir='ltr'><strong>in</strong></span> <span class='ocrx_word' id='word_1_214' title='bbox 1131 3027 1274 3069; x_wconf 89' lang='lat' dir='ltr'><strong>scaenam·</strong></span> <span class='ocrx_word' id='word_1_215' title='bbox 1289 3012 1432 3085; x_wconf 88' lang='lat' dir='ltr'><strong>producit,</strong></span> 
     </span>
     <span class='ocr_line' id='line_1_25' title="bbox 305 3116 1434 3200; baseline 0.003 -26"><span class='ocrx_word' id='word_1_216' title='bbox 305 3117 351 3192; x_wconf 30' lang='lat' dir='ltr'><strong>,de</strong></span> <span class='ocrx_word' id='word_1_217' title='bbox 373 3116 487 3200; x_wconf 79' lang='lat' dir='ltr'><strong>origine</strong></span> <span class='ocrx_word' id='word_1_218' title='bbox 508 3135 543 3174; x_wconf 89' lang='lat' dir='ltr'><strong>ac</strong></span> <span class='ocrx_word' id='word_1_219' title='bbox 564 3116 673 3176; x_wconf 85' lang='lat' dir='ltr'><strong>familia</strong></span> <span class='ocrx_word' id='word_1_220' title='bbox 694 3117 755 3174; x_wconf 88' lang='lat' dir='ltr'><strong>eius</strong></span> <span class='ocrx_word' id='word_1_221' title='bbox 777 3116 860 3175; x_wconf 92' lang='lat' dir='ltr'><strong>dicit:</strong></span> <span class='ocrx_word' id='word_1_222' title='bbox 894 3133 959 3175; x_wconf 93' lang='lat' dir='ltr'><strong>eum</strong></span> <span class='ocrx_word' id='word_1_223' title='bbox 980 3117 1071 3175; x_wconf 88' lang='lat' dir='ltr'><strong>fuisse</strong></span> <span class='ocrx_word' id='word_1_224' title='bbox 1092 3118 1225 3191; x_wconf 83' lang='lat' dir='ltr'><strong>genitum</strong></span> <span class='ocrx_word' id='word_1_225' title='bbox 1255 3122 1351 3177; x_wconf 89' lang='lat' dir='ltr'><strong>matre</strong></span> <span class='ocrx_word' id='word_1_226' title='bbox 1374 3119 1434 3176; x_wconf 87' lang='lat' dir='ltr'><strong>Lu·</strong></span> 
     </span>
     <span class='ocr_line' id='line_1_26' title="bbox 316 3223 1434 3302; baseline 0.002 -20"><span class='ocrx_word' id='word_1_227' title='bbox 316 3223 383 3282; x_wconf 91' lang='lat' dir='ltr'><strong>cilia</strong></span> <span class='ocrx_word' id='word_1_228' title='bbox 404 3224 504 3297; x_wconf 82' lang='lat' dir='ltr'><strong>stirpis</strong></span> <span class='ocrx_word' id='word_1_229' title='bbox 525 3225 700 3283; x_wconf 88' lang='lat' dir='ltr'><strong>senatoriae.</strong></span> <span class='ocrx_word' id='word_1_230' title='bbox 742 3224 855 3282; x_wconf 81' lang='lat' dir='ltr'><strong>Eodem</strong></span> <span class='ocrx_word' id='word_1_231' title='bbox 877 3225 980 3283; x_wconf 90' lang='lat' dir='ltr'><strong>statim</strong></span> <span class='ocrx_word' id='word_1_232' title='bbox 1000 3225 1065 3283; x_wconf 93' lang='lat' dir='ltr'><strong>loco</strong></span> <span class='ocrx_word' id='word_1_233' title='bbox 1087 3224 1134 3300; x_wconf 56' lang='grc' dir='ltr'><strong>(ἐξ</strong></span> <span class='ocrx_word' id='word_1_234' title='bbox 1154 3223 1246 3302; x_wconf 79' lang='lat'>2-5)</span> <span class='ocrx_word' id='word_1_235' title='bbox 1267 3229 1329 3284; x_wconf 89' lang='lat' dir='ltr'><strong>tam</strong></span> <span class='ocrx_word' id='word_1_236' title='bbox 1350 3242 1434 3284; x_wconf 89' lang='lat' dir='ltr'><strong>aceu-</strong></span> 
     </span>
     <span class='ocr_line' id='line_1_27' title="bbox 315 3330 1434 3415; baseline 0.003 -27"><span class='ocrx_word' id='word_1_237' title='bbox 315 3334 415 3389; x_wconf 88' lang='lat' dir='ltr'><strong>ratam</strong></span> <span class='ocrx_word' id='word_1_238' title='bbox 435 3330 546 3404; x_wconf 84' lang='lat' dir='ltr'><strong>ingenii</strong></span> <span class='ocrx_word' id='word_1_239' title='bbox 566 3348 738 3404; x_wconf 90' lang='lat' dir='ltr'><strong>morumque</strong></span> <span class='ocrx_word' id='word_1_240' title='bbox 752 3331 814 3388; x_wconf 91' lang='lat' dir='ltr'><strong>eius</strong></span> <span class='ocrx_word' id='word_1_241' title='bbox 830 3331 1056 3415; x_wconf 84' lang='lat' dir='ltr'><strong>descriptionem</strong></span> <span class='ocrx_word' id='word_1_242' title='bbox 1071 3331 1232 3406; x_wconf 84' lang='lat' dir='ltr'><strong>subiungit,</strong></span> <span class='ocrx_word' id='word_1_243' title='bbox 1253 3336 1288 3389; x_wconf 93' lang='lat' dir='ltr'><strong>ut</strong></span> <span class='ocrx_word' id='word_1_244' title='bbox 1301 3333 1434 3392; x_wconf 91' lang='lat' dir='ltr'><strong>intimam</strong></span> 
     </span>
     <span class='ocr_line' id='line_1_28' title="bbox 315 3413 1434 3512; baseline 0.003 -17"><span class='ocrx_word' id='word_1_245' title='bbox 315 3437 394 3496; x_wconf 89' lang='lat' dir='ltr'><strong>illius</strong></span> <span class='ocrx_word' id='word_1_246' title='bbox 415 3437 471 3496; x_wconf 90' lang='lat' dir='ltr'><strong>viri</strong></span> <span class='ocrx_word' id='word_1_247' title='bbox 491 3437 628 3496; x_wconf 90' lang='lat' dir='ltr'><strong>notitiam</strong></span> <span class='ocrx_word' id='word_1_248' title='bbox 650 3455 715 3497; x_wconf 93' lang='lat' dir='ltr'><strong>eum</strong></span> <span class='ocrx_word' id='word_1_249' title='bbox 735 3413 881 3496; x_wconf 86' lang='lat' dir='ltr'><strong>habuisse¹</strong></span> <span class='ocrx_word' id='word_1_250' title='bbox 896 3444 1039 3512; x_wconf 88' lang='lat' dir='ltr'><strong>appareat</strong></span> <span class='ocrx_word' id='word_1_251' title='bbox 1059 3438 1187 3497; x_wconf 86' lang='lat' dir='ltr'><strong>fortasse</strong></span> <span class='ocrx_word' id='word_1_252' title='bbox 1212 3456 1249 3496; x_wconf 86' lang='lat' dir='ltr'><strong>ex</strong></span> <span class='ocrx_word' id='word_1_253' title='bbox 1272 3439 1337 3498; x_wconf 89' lang='lat' dir='ltr'><strong>vita</strong></span> <span class='ocrx_word' id='word_1_254' title='bbox 1356 3439 1434 3498; x_wconf 90' lang='lat' dir='ltr'><strong>illius</strong></span> 
     </span>
     <span class='ocr_line' id='line_1_29' title="bbox 316 3545 1434 3620; baseline 0.002 -18"><span class='ocrx_word' id='word_1_255' title='bbox 316 3549 493 3618; x_wconf 87' lang='lat' dir='ltr'><strong>perceptam.</strong></span> <span class='ocrx_word' id='word_1_256' title='bbox 529 3545 607 3604; x_wconf 88' lang='lat' dir='ltr'><strong>Nam</strong></span> <span class='ocrx_word' id='word_1_257' title='bbox 629 3562 703 3618; x_wconf 90' lang='lat' dir='ltr'><strong>quae</strong></span> <span class='ocrx_word' id='word_1_258' title='bbox 723 3545 801 3602; x_wconf 91' lang='lat' dir='ltr'><strong>inter</strong></span> <span class='ocrx_word' id='word_1_259' title='bbox 822 3545 879 3603; x_wconf 89' lang='lat' dir='ltr'><strong>alia</strong></span> <span class='ocrx_word' id='word_1_260' title='bbox 898 3546 929 3602; x_wconf 90' lang='lat' dir='ltr'><strong>in</strong></span> <span class='ocrx_word' id='word_1_261' title='bbox 943 3545 1055 3620; x_wconf 81' lang='lat' dir='ltr'><strong>Magno</strong></span> <span class='ocrx_word' id='word_1_262' title='bbox 1076 3545 1241 3618; x_wconf 89' lang='lat' dir='ltr'><strong>praedicat:</strong></span> <span class='ocrx_word' id='word_1_263' title='bbox 1263 3546 1354 3604; x_wconf 86' lang='lat' dir='ltr'><strong>fuisse</strong></span> <span class='ocrx_word' id='word_1_264' title='bbox 1369 3563 1434 3604; x_wconf 89' lang='lat' dir='ltr'><strong>eum</strong></span> 
     </span>
     <span class='ocr_line' id='line_1_30' title="bbox 316 3651 1434 3726; baseline 0 -16"><span class='ocrx_word' id='word_1_265' title='bbox 316 3651 412 3710; x_wconf 81' lang='lat' dir='ltr'><strong>torma</strong></span> <span class='ocrx_word' id='word_1_266' title='bbox 432 3652 597 3722; x_wconf 85' lang='lat' dir='ltr'><strong>excellenti,</strong></span> <span class='ocrx_word' id='word_1_267' title='bbox 620 3651 765 3726; x_wconf 82' lang='lat' dir='ltr'><strong>dignitate</strong></span> <span class='ocrx_word' id='word_1_268' title='bbox 786 3653 1019 3725; x_wconf 87' lang='lat' dir='ltr'><strong>constantiaque,</strong></span> <span class='ocrx_word' id='word_1_269' title='bbox 1047 3669 1121 3725; x_wconf 89' lang='lat' dir='ltr'><strong>quae</strong></span> <span class='ocrx_word' id='word_1_270' title='bbox 1142 3653 1179 3711; x_wconf 91' lang='lat' dir='ltr'><strong>ad</strong></span> <span class='ocrx_word' id='word_1_271' title='bbox 1200 3652 1334 3711; x_wconf 90' lang='lat' dir='ltr'><strong>ultimum</strong></span> <span class='ocrx_word' id='word_1_272' title='bbox 1354 3653 1434 3711; x_wconf 88' lang='lat' dir='ltr'><strong>vitae</strong></span> 
     </span>
     <span class='ocr_line' id='line_1_31' title="bbox 318 3759 1432 3833; baseline 0.002 -17"><span class='ocrx_word' id='word_1_273' title='bbox 318 3759 394 3817; x_wconf 90' lang='lat' dir='ltr'><strong>diem</strong></span> <span class='ocrx_word' id='word_1_274' title='bbox 409 3776 474 3817; x_wconf 93' lang='lat' dir='ltr'><strong>eum</strong></span> <span class='ocrx_word' id='word_1_275' title='bbox 489 3759 631 3819; x_wconf 87' lang='lat' dir='ltr'><strong>comitata</strong></span> <span class='ocrx_word' id='word_1_276' title='bbox 645 3760 692 3830; x_wconf 90' lang='lat' dir='ltr'><strong>sit,</strong></span> <span class='ocrx_word' id='word_1_277' title='bbox 714 3759 881 3817; x_wconf 89' lang='lat' dir='ltr'><strong>innocentia</strong></span> <span class='ocrx_word' id='word_1_278' title='bbox 895 3759 1040 3829; x_wconf 85' lang='lat' dir='ltr'><strong>eximium,</strong></span> <span class='ocrx_word' id='word_1_279' title='bbox 1063 3760 1222 3818; x_wconf 87' lang='lat' dir='ltr'><strong>sanctitate</strong></span> <span class='ocrx_word' id='word_1_280' title='bbox 1236 3759 1432 3833; x_wconf 88' lang='lat' dir='ltr'><strong>praecipuum,</strong></span> 
     </span>
     <span class='ocr_line' id='line_1_32' title="bbox 317 3865 1432 3940; baseline -0.001 -15"><span class='ocrx_word' id='word_1_281' title='bbox 317 3867 484 3939; x_wconf 88' lang='lat' dir='ltr'><strong>eloquentia</strong></span> <span class='ocrx_word' id='word_1_282' title='bbox 503 3866 638 3936; x_wconf 91' lang='lat' dir='ltr'><strong>medium,</strong></span> <span class='ocrx_word' id='word_1_283' title='bbox 671 3867 863 3940; x_wconf 79' lang='lat' dir='ltr'><strong>amicitiarum</strong></span> <span class='ocrx_word' id='word_1_284' title='bbox 883 3871 1025 3936; x_wconf 91' lang='lat' dir='ltr'><strong>tenacem,</strong></span> <span class='ocrx_word' id='word_1_285' title='bbox 1054 3867 1084 3924; x_wconf 92' lang='lat' dir='ltr'><strong>in</strong></span> <span class='ocrx_word' id='word_1_286' title='bbox 1106 3865 1224 3925; x_wconf 82' lang='lat' dir='ltr'><strong>offensis</strong></span> <span class='ocrx_word' id='word_1_287' title='bbox 1245 3866 1432 3936; x_wconf 86' lang='lat' dir='ltr'><strong>exorabilem,</strong></span> 
     </span>
     <span class='ocr_line' id='line_1_33' title="bbox 316 3955 1432 4048; baseline 0.002 -18"><span class='ocrx_word' id='word_1_288' title='bbox 316 3973 347 4031; x_wconf 90' lang='lat' dir='ltr'><strong>in</strong></span> <span class='ocrx_word' id='word_1_289' title='bbox 371 3955 587 4032; x_wconf 88' lang='lat' dir='ltr'><strong>reconcilianda</strong></span> <span class='ocrx_word' id='word_1_290' title='bbox 612 3973 713 4048; x_wconf 82' lang='lat' dir='ltr'><strong>gratia</strong></span> <span class='ocrx_word' id='word_1_291' title='bbox 736 3973 936 4032; x_wconf 89' lang='lat' dir='ltr'><strong>fidelissimum</strong></span> <span class='ocrx_word' id='word_1_292' title='bbox 962 3979 1031 4031; x_wconf 87' lang='lat' dir='ltr'><strong>cett.</strong></span> <span class='ocrx_word' id='word_1_293' title='bbox 1053 4008 1093 4016; x_wconf 95' lang='lat'><em>-</em></span> <span class='ocrx_word' id='word_1_294' title='bbox 1113 3974 1187 4032; x_wconf 90' lang='lat' dir='ltr'><strong>haec</strong></span> <span class='ocrx_word' id='word_1_295' title='bbox 1206 3977 1242 4031; x_wconf 91' lang='lat' dir='ltr'><strong>ut</strong></span> <span class='ocrx_word' id='word_1_296' title='bbox 1261 3973 1334 4032; x_wconf 88' lang='lat' dir='ltr'><strong>talia</strong></span> <span class='ocrx_word' id='word_1_297' title='bbox 1354 3978 1432 4044; x_wconf 89' lang='lat' dir='ltr'><strong>sunt,</strong></span> 
     </span>
     <span class='ocr_line' id='line_1_34' title="bbox 318 4079 1434 4154; baseline 0 -16"><span class='ocrx_word' id='word_1_298' title='bbox 318 4097 393 4153; x_wconf 90' lang='lat' dir='ltr'><strong>quae</strong></span> <span class='ocrx_word' id='word_1_299' title='bbox 423 4080 453 4138; x_wconf 92' lang='lat' dir='ltr'><strong>in</strong></span> <span class='ocrx_word' id='word_1_300' title='bbox 483 4086 626 4154; x_wconf 90' lang='lat' dir='ltr'><strong>perpetua</strong></span> <span class='ocrx_word' id='word_1_301' title='bbox 657 4081 754 4154; x_wconf 89' lang='lat' dir='ltr'><strong>aliqua</strong></span> <span class='ocrx_word' id='word_1_302' title='bbox 784 4081 908 4141; x_wconf 89' lang='lat' dir='ltr'><strong>historia</strong></span> <span class='ocrx_word' id='word_1_303' title='bbox 932 4082 984 4139; x_wconf 86' lang='lat' dir='ltr'><strong>vix</strong></span> <span class='ocrx_word' id='word_1_304' title='bbox 1008 4082 1104 4140; x_wconf 90' lang='lat' dir='ltr'><strong>locum</strong></span> <span class='ocrx_word' id='word_1_305' title='bbox 1124 4079 1289 4150; x_wconf 89' lang='lat' dir='ltr'><strong>habuerint,</strong></span> <span class='ocrx_word' id='word_1_306' title='bbox 1320 4081 1364 4138; x_wconf 90' lang='lat' dir='ltr'><strong>ita</strong></span> <span class='ocrx_word' id='word_1_307' title='bbox 1385 4099 1434 4153; x_wconf 91' lang='lat' dir='ltr'><strong>ap·</strong></span> 
     </span>
     <span class='ocr_line' id='line_1_35' title="bbox 317 4187 1434 4263; baseline 0 -18"><span class='ocrx_word' id='word_1_308' title='bbox 317 4187 430 4245; x_wconf 86' lang='lat' dir='ltr'><strong>tissime</strong></span> <span class='ocrx_word' id='word_1_309' title='bbox 452 4188 599 4263; x_wconf 89' lang='lat' dir='ltr'><strong>quadrant</strong></span> <span class='ocrx_word' id='word_1_310' title='bbox 620 4188 657 4246; x_wconf 91' lang='lat' dir='ltr'><strong>ad</strong></span> <span class='ocrx_word' id='word_1_311' title='bbox 678 4187 860 4260; x_wconf 91' lang='lat' dir='ltr'><strong>scriptorem,</strong></span> <span class='ocrx_word' id='word_1_312' title='bbox 882 4189 931 4261; x_wconf 92' lang='lat' dir='ltr'><strong>qui</strong></span> <span class='ocrx_word' id='word_1_313' title='bbox 951 4189 1031 4248; x_wconf 87' lang='lat' dir='ltr'><strong>vitae</strong></span> <span class='ocrx_word' id='word_1_314' title='bbox 1052 4188 1115 4246; x_wconf 91' lang='lat' dir='ltr'><strong>eius</strong></span> <span class='ocrx_word' id='word_1_315' title='bbox 1133 4187 1262 4262; x_wconf 79' lang='lat' dir='ltr'><strong>imagine</strong></span> <span class='ocrx_word' id='word_1_316' title='bbox 1277 4187 1434 4262; x_wconf 87' lang='lat' dir='ltr'><strong>diligenter</strong></span> 
     </span>
    </p>
   </div>
   <div class='ocr_carea' id='block_1_5' title="bbox 0 0 1640 5284">
    <p class='ocr_par' dir='ltr' id='par_1_5' title="bbox 0 0 1640 5284">
     <span class='ocr_line' id='line_1_36' title="bbox 0 0 1640 5284; baseline 0 0"><span class='ocrx_word' id='word_1_317' title='bbox 0 0 1640 5284; x_wconf 95' lang='lat' dir='ltr'><strong> </strong></span> 
     </span>
    </p>
   </div>
  </div>
 </body>
</html>
