3266 5292
603 532 824 590 ...21-

154 703 299 773 samono,
326 719 360 760 eo
387 702 485 776 magis
507 701 709 776 chronologici
730 700 821 760 fontis
841 701 949 759 indicia
967 706 1124 759 rarescunt
1143 717 1274 759 crescen-

154 809 236 868 tihus
251 809 337 868 simul
350 809 395 880 iis,
422 825 498 882 quae
513 808 552 866 ad
566 808 695 878 Livium,
717 808 886 882 primarium
901 808 964 865 eius
978 811 1138 878 auctorem,
1154 808 1273 877 ducunt,

153 933 249 989 neque
280 917 361 974 ultra
382 914 504 974 Sullana
534 921 678 989 tempora,
711 915 779 988 quid
809 914 847 972 ad
867 915 1014 988 Nepotem
1045 913 1148 973 referri
1168 915 1272 989 possit,

156 1024 274 1082 omnino
295 1041 354 1082 non
373 1023 500 1082 invenio.
516 1055 555 1066 -
571 1020 629 1081 Sed
651 1023 710 1080 iarn
732 1022 770 1080 ad
791 1022 916 1080 alteram
931 1021 1140 1095 disputationis
1153 1027 1274 1081 nostrae
1315 1055 1319 1061 ·

154 1134 271 1204 partem
292 1130 555 1204 transgrediamur.

576 1619 757 1763 'PARS
785 1671 836 1762 u.

218 1819 310 1897 Quid
334 1837 353 1880 e
374 1821 526 1880 vitarum
549 1821 774 1894 scriptoribus
798 1821 1025 1895 desumpserit
1047 1822 1205 1882 Velleius.

417 1961 456 2018 Α.
477 1958 611 2018 Libros
633 1958 673 2017 de
693 1958 784 2017 viris
808 1959 1014 2018 illustribus

217 2067 335 2125 inter
375 2067 524 2127 fontes
563 2067 655 2124 eius
692 2066 834 2124 fuisse
873 2065 1213 2126 demonstratur.

237 2200 356 2260 Dudum
387 2201 459 2261 viris
490 2202 585 2261 doctis
612 2202 648 2261 de
673 2202 771 2261 Vellei
795 2202 914 2277 ingenio
941 2205 1029 2275 atque
1054 2201 1152 2260 indole
1178 2202 1274 2276 dispu-

158 2308 292 2368 tantibus
314 2309 504 2368 observatum
523 2313 571 2368 est
590 2327 656 2368 cum
675 2310 741 2368 aliis
759 2313 822 2368 tum
842 2308 971 2383 Sauppio
991 2308 1021 2382 (l.
1041 2309 1060 2366 l.
1080 2326 1109 2383 p.
1126 2306 1184 2367 155
1199 2311 1275 2386 sqq.)

158 2432 224 2474 eum
249 2415 280 2473 in
305 2416 431 2475 historia
457 2416 582 2491 primum
607 2417 655 2475 vel
681 2418 780 2490 potius
805 2417 921 2475 unicum
948 2417 1044 2480 locum
1064 2415 1204 2474 tribuisse
1224 2416 1276 2474 ho-

157 2522 292 2593 minibus,
325 2522 398 2582 adeo
429 2529 464 2582 ut
488 2523 554 2598 ipsa
579 2525 759 2599 gravissima
784 2524 866 2582 facta
892 2524 929 2582 ad
955 2541 1015 2594 eos,
1042 2523 1091 2596 qui
1116 2524 1226 2596 primas
1245 2525 1276 2581 in

157 2629 307 2703 republica
338 2634 440 2704 partes
473 2635 610 2705 egerunt,
642 2631 776 2701 referret,
807 2648 1025 2704 nonnumquam
1056 2631 1146 2689 etiam
1177 2647 1276 2689 rerum

157 2741 310 2812 gestarum
333 2737 433 2796 ordine
457 2737 574 2797 inverso
597 2755 640 2807 aa,
668 2754 742 2810 quae
764 2737 801 2795 ab
822 2755 880 2796 uno
902 2738 1060 2811 eodemque
1081 2737 1145 2796 viro
1165 2737 1274 2796 illustri

157 2848 247 2918 gesta
266 2849 360 2914 erant,
383 2844 561 2903 coniunctim
582 2849 729 2902 narraret.
762 2845 828 2902 Nec
841 2861 912 2902 vero
927 2846 1002 2904 satis
1016 2845 1109 2903 habet
1122 2845 1277 2903 historiam

158 2952 241 3024 quasi
266 2952 346 3010 vitas
371 2952 527 3010 illustrium
554 2952 684 3010 virorum
710 2950 847 3023 scribere,
875 2951 928 3010 sed
957 2951 992 3010 de
1016 2952 1062 3010 his
1085 2951 1159 3026 ipsis
1182 2953 1276 3010 multa

157 3058 243 3131 plura
267 3057 362 3129 affert,
389 3075 477 3132 quarn
501 3059 617 3117 omnino
642 3076 708 3117 cum
730 3063 890 3132 perpetuae
913 3058 1055 3117 historiae
1073 3059 1189 3116 ratione
1208 3076 1275 3117 con·

157 3166 288 3224 veniunt.
323 3167 401 3223 Nam
415 3165 590 3239 ubicumque
603 3166 633 3223 in
649 3165 802 3224 clariorem
816 3167 941 3239 aliquem
955 3166 1050 3224 virum
1064 3165 1174 3236 incidit,
1190 3167 1276 3224 huius
1350 3242 1354 3252 ι

157 3272 327 3330 memoriam
356 3272 445 3330 altius
473 3277 613 3347 repetens
641 3290 745 3348 genus,
778 3272 927 3344 familiam,
956 3272 1112 3347 pueritiam
1139 3273 1277 3346 vitaeque

158 3379 264 3451 prioris
286 3379 424 3452 spatium,
449 3384 607 3453 antequam
627 3379 665 3437 ad
689 3380 898 3454 rempublicam
917 3380 1086 3450 accesserit,
1107 3385 1228 3438 enarrat
1246 3384 1278 3437 et

156 3485 188 3544 in
206 3485 336 3545 moribus
355 3487 532 3561 ingenioque
552 3487 615 3545 eins
629 3486 814 3545 illustrandis
828 3486 954 3545 libenter
969 3491 1179 3547 commoratur:
1200 3487 1277 3545 unde

158 3591 269 3652 iactum
287 3597 343 3662 est,
362 3597 398 3650 ut
416 3593 446 3652 in
465 3593 639 3652 brevissima
657 3612 756 3653 rerum
775 3594 999 3653 adumbratione
1014 3594 1049 3652 de
1064 3594 1190 3668 singulis
1204 3594 1276 3652 viris

157 3701 307 3771 nonnulla,
327 3717 403 3774 quae
422 3701 506 3774 qnasi
524 3717 746 3775 supervacanea
764 3701 912 3772 videntur,
932 3701 1143 3774 interponeret.
1174 3703 1277 3774 Atque

158 3806 215 3865 hoc
234 3807 349 3880 quidem
368 3807 515 3866 scribendi
534 3825 654 3882 genere,
679 3808 757 3881 quod
776 3809 902 3867 alienum
923 3825 994 3867 sane
1013 3825 1031 3865 a
1050 3807 1203 3881 scriptore,
1229 3808 1278 3881 qui

158 3918 331 3990 perpetuam
350 3915 505 3974 historiam
525 3915 716 3974 tractandam
731 3915 787 3974 sihi
804 3916 967 3989 proposuit,
983 3915 1022 3972 ad
1035 3915 1165 3973 vitarum
1178 3915 1277 3988 potius

160 4025 310 4080 auctorem
329 4023 464 4096 quadrat,
484 4040 581 4081 nonne
596 4023 694 4092 etiam,
715 4023 809 4096 qualis
824 4022 890 4082 fons
903 4022 1053 4080 interdum
1068 4023 1213 4081 aNostro
1228 4022 1278 4081 ad-

158 4127 270 4186 hibitus
308 4129 356 4200 sit,
394 4130 559 4188 indicatur?
600 4128 707 4202 Itaque
745 4146 810 4188 curn
846 4129 917 4188 mihi
952 4129 1167 4203 persuasissem
1199 4129 1279 4187 inter

158 4234 257 4296 lentes
284 4235 381 4295 Vellei
408 4236 501 4297 fuisse
524 4235 639 4294 libros
666 4235 836 4309 quosdam
865 4237 905 4295 de
932 4236 1023 4294 viris
1051 4235 1276 4306 illustribus,
