3266 5292
630 531 851 591 ..31-

182 704 375 778 Augustus
395 702 467 760 nihil
487 703 612 776 emplius
633 719 720 776 quam
734 702 864 775 equestri
882 701 992 760 familia
1005 705 1103 760 ortum
1117 718 1149 759 se
1170 701 1301 760 scribit

183 813 285 868 vetere
306 826 342 868 ac
362 809 517 883 locuplete,
542 809 624 869 etin
644 826 702 882 qua
721 808 832 882 primus
853 812 974 867 senator
994 813 1080 881 pater
1101 825 1172 867 suus
1193 806 1301 867 fuerit.¹

183 917 252 975 Hoc
277 916 371 990 igitur
396 917 461 975 loco
483 914 642 975 Suetonius
669 916 817 990 expressis
837 914 936 974 verbis
956 915 1068 974 fontem
1090 932 1174 974 suum
1194 914 1303 974 indica-

184 1024 242 1092 vit;
265 1022 389 1081 eundem
410 1023 475 1081 aliis
496 1023 671 1082 exhaustum
693 1039 759 1082 esse
778 1027 814 1080 ut
833 1039 886 1096 per
904 1040 937 1080 se
957 1021 1113 1081 verisimile
1132 1025 1187 1092 est,
1209 1022 1253 1080 ita
1267 1038 1300 1080 eo

185 1130 413 1200 demonstratur,
446 1130 523 1202 quod
554 1131 584 1188 in
616 1134 716 1188 cetera
747 1129 809 1188 eius
840 1130 1011 1188 narratione
1041 1129 1166 1202 plurima
1189 1128 1300 1199 insunt,

185 1254 269 1310 quae,
296 1237 433 1309 quoniam
458 1237 496 1296 ad
520 1237 653 1295 intimem
675 1236 830 1295 Octaviani
855 1237 1017 1305 historiam,
1044 1236 1082 1293 ad
1107 1234 1246 1294 familiam
1267 1252 1302 1294 ac

186 1347 325 1417 parentes
346 1343 409 1402 eius
423 1345 580 1417 pertinent
602 1343 653 1401 vix
667 1343 783 1401 aliunde
797 1343 873 1401 scire
892 1343 1022 1415 adeoque
1040 1341 1158 1401 tradere
1171 1342 1303 1415 potuerit

185 1451 242 1509 nisi
267 1451 421 1523 exipsius
447 1450 639 1524 Imperatoris
663 1449 755 1508 libris.
797 1451 900 1522 Atque
925 1449 1002 1507 idem
1027 1449 1107 1508 cadit
1126 1450 1156 1507 in
1177 1449 1303 1508 alterum

186 1557 321 1632 Augusti
339 1557 549 1632 biographum,
574 1557 728 1615 Nicolaum
750 1556 975 1626 Damasceuum‚
998 1557 1056 1629 qui,
1078 1573 1143 1615 cum
1164 1556 1232 1615 vivo
1254 1556 1304 1615 ad·

186 1665 245 1723 huc
269 1663 455 1738 Imperatore
479 1665 638 1739 imaginem
663 1664 742 1722 vitae
767 1664 838 1734 eius,
865 1663 1032 1722 amicissimi
1058 1665 1112 1733 sui,
1141 1663 1304 1737 exprimere

188 1771 413 1846 aggrederetur,
435 1770 660 1830 commentarios
677 1770 764 1862 illiusN
773 1771 860 1843 paulo
875 1776 944 1829 ente
958 1771 1054 1829 editos
1067 1771 1147 1830 haud
1160 1771 1303 1846 neglexit.

187 1878 236 1936 Ex
260 1878 365 1936 horum
390 1878 485 1952 igitur
510 1877 729 1937 narrationibus
755 1895 821 1935 cum
843 1877 1000 1936 Octaviani
1021 1894 1059 1935 ex
1079 1883 1165 1952 parte
1186 1879 1304 1937 restitui

187 1984 291 2059 possit,
318 1984 387 2058 quid
413 1985 527 2044 Noster
546 1984 613 2043 inde
635 1985 823 2058 decerpserit,
845 1984 1014 2042 facillimum
1035 1984 1092 2042 erit
1112 1985 1303 2059 investigere.

267 2092 316 2149 Ac
337 2092 464 2165 primum
486 2091 601 2164 quidem
621 2091 753 2150 Velleius
774 2090 804 2148 in
826 2090 932 2149 ceteris
953 2108 1076 2164 quoque,
1099 2108 1173 2164 quae
1194 2091 1230 2149 de
1249 2091 1305 2151 Oc

191 2198 301 2256 taviani
322 2203 409 2272 patre
430 2197 528 2267 affert,
547 2198 668 2272 egregie
689 2215 725 2257 ac
744 2215 836 2271 paene
856 2197 976 2256 mirifice
996 2215 1062 2255 cum
1077 2197 1219 2258 Suetonio
1239 2216 1306 2258 con·

190 2304 291 2363 sentit.
341 2304 462 2363 Etenim
488 2322 553 2363 cum
578 2305 649 2363 dicit
673 2306 690 2381 ξ
714 2303 748 2364 2:
774 2322 910 2380 gravem,
937 2309 1085 2374 sanctum,
1110 2305 1304 2376 innocentem,

190 2411 311 2473 divitem
333 2429 400 2470 eum
421 2411 520 2481 fuisse,
542 2413 615 2471 haec
636 2413 820 2487 explicantur
833 2413 878 2482 iis,
901 2430 975 2486 quae
990 2410 1149 2471 Suetonius
1162 2413 1193 2472 in
1208 2429 1271 2487 cap.
1286 2410 1306 2471 3

191 2517 324 2578 exhibet:
351 2517 394 2588 ,0.
417 2519 560 2578 Octavius
585 2537 604 2577 a
628 2519 768 2593 principio
795 2521 902 2579 aetatis
928 2525 959 2578 et
982 2536 1014 2578 re
1036 2525 1068 2578 et
1088 2519 1306 2578 existimatione

190 2641 301 2698 magne
321 2625 438 2685 soie...
461 2626 565 2699 amplis
587 2626 663 2684 enim
683 2627 845 2685 innutritus
867 2626 970 2700 opibus
989 2628 1115 2686 honores
1134 2632 1166 2685 et
1181 2627 1306 2701 adeptus

193 2736 241 2790 est
261 2731 346 2790 facile
367 2738 398 2790 et
419 2733 540 2807 egregie
560 2731 798 2792 administravit'
833 2732 868 2790 ln
889 2734 936 2792 his
956 2751 1027 2792 vero
1047 2735 1143 2808 ipsum
1162 2751 1307 2808 agnosces

190 2839 372 2912 Augustum,
399 2839 448 2912 qui
474 2839 509 2897 de
533 2855 644 2913 genere
669 2843 700 2897 et
724 2839 882 2898 maioribus
908 2840 969 2899 suis
993 2841 1024 2899 in
1048 2842 1142 2915 primo
1164 2857 1307 2900 commcn-

192 2944 334 3004 tariorum
356 2950 543 3019 exposuerat,
564 2949 599 3004 ut
620 2963 652 3005 se
672 2945 709 3005 ab
731 2946 845 3020 origiue
865 2946 988 3020 ignobili
1008 2949 1101 3022 patris
1123 2965 1141 3005 a
1160 2949 1308 3007 nonnullis

106 3077 112 3087 ·
192 3067 227 3109 ac
247 3053 375 3110 maxime
389 3052 427 3111 eb
441 3054 573 3112 Antonio
588 3054 614 3112 ei
629 3053 744 3112 obiecta
758 3052 807 3127 (ci.
823 3052 906 3112 Suet.
920 3053 989 3112 ibid.
1005 3058 1036 3112 et
1048 3051 1080 3131 4)
1094 3054 1265 3114 vindicaret.
1271 3055 1306 3131 ⁴²)

192 3156 270 3234 Dein
295 3162 421 3232 uterque
446 3164 550 3218 narrat
575 3159 732 3219 Octavium
751 3161 856 3219 Atiam
881 3161 911 3218 in
932 3161 1147 3220 matrimonium
1180 3162 1309 3233 duxisse,

193 3281 231 3323 ex
240 3270 382 3339 praetura
392 3266 595 3326 Macedoniam
606 3268 742 3326 sortitum
757 3268 787 3325 in
802 3284 893 3340 eaque
904 3267 1116 3341 Imperatorem
1130 3270 1310 3343 appellatum

195 3389 269 3442 esse,
291 3373 329 3430 ed
351 3373 523 3446 petitionem
543 3375 714 3433 consulatus
736 3374 925 3433 decedentem
946 3374 1068 3446 obiisse;
1090 3377 1127 3434 cf.
1139 3376 1215 3434 Vell.
1241 3375 1310 3434 ibid.

193 3495 219 3536 c.
239 3477 323 3537 Suet.
344 3496 407 3553 cap.
427 3477 447 3538 3
473 3484 549 3538 extr.
570 3485 601 3538 et
618 3478 647 3538 4.
693 3480 789 3540 Porro
815 3481 893 3555 quod
918 3481 1011 3539 refert
1035 3482 1149 3541 Noster
1173 3483 1190 3558 ξ
1209 3479 1229 3540 3
1255 3481 1310 3541 Oc

193 3585 345 3644 taviarmm
370 3591 456 3660 patre
481 3590 596 3645 mortuo
627 3605 645 3646 a
670 3587 798 3648 (laesere
823 3588 993 3647 adamatum
1017 3593 1052 3646 ut
1077 3606 1162 3648 suum
1186 3589 1217 3648 in
1240 3589 1311 3647 His-

193 3692 312 3766 paniam
332 3693 414 3751 illum
435 3694 607 3753 adsecutum
625 3711 720 3768 neque
740 3712 877 3769 umquam
901 3699 954 3754 aut
974 3696 1031 3754 elio
1051 3712 1138 3753 usum
1159 3711 1224 3755 esse
1244 3696 1311 3753 hos·

194 3798 268 3872 pitio
299 3803 353 3857 aut
383 3799 440 3858 elio
471 3805 590 3859 vectum
613 3802 747 3860 vehiculo
774 3818 861 3875 quam
887 3803 1030 3873 avunculi,
1063 3801 1206 3875 suspicari
1231 3802 1310 3871 licet,

196 3906 371 3980 Augustum
402 3907 478 3964 hanc
509 3925 571 3965 rem
601 3907 679 3966 haud
710 3910 754 3967 ita
784 3926 908 3983 gravem
937 3909 967 3967 in
998 3909 1215 3968 commentariis
1246 3909 1311 3968 ideo

276 4147 310 4215 ⁴²)
331 4145 373 4202 cf.
391 4147 428 4202 Μ.
453 4147 533 4216 Aug.
556 4145 800 4215 Weichertum‚
828 4147 1008 4218 Imperatoris
1037 4146 1163 4204 (laeseris
1191 4150 1313 4220 Augusti

197 4233 363 4303 scriptorum
382 4234 523 4303 reliquiae.
552 4235 663 4291 Grimae
677 4239 754 4291 1846.
777 4255 803 4306 p.
816 4242 876 4293 203.
